2924 5176
710 345 752 408 38

306 522 346 587 In
379 521 536 587 omnibus
572 523 623 587 his
659 520 821 606 exemplis
852 521 1056 586 indicatiuus
1080 521 1261 587 inuenitur.

202 669 311 732 neque
336 646 404 710 ulla
427 646 468 712 dc
493 668 531 712 eo
555 646 709 712 codicum
741 645 965 731 discrepantia
988 652 1046 710 est.
1095 645 1262 710 Futurum

200 777 333 856 tempus
358 778 390 836 et
413 792 570 856 praesens
594 792 670 836 cum
696 771 884 856 promiscue
900 770 1055 855 usurpari
1072 769 1261 846 uideantur,

201 903 315 961 tamen
339 903 478 982 apparet
513 901 640 960 certum
676 894 856 959 discrimen
884 896 970 959 inter
994 895 1094 959 huius
1118 902 1150 959 et
1173 893 1262 959 illins

202 1042 302 1085 usum
327 1042 406 1086 esse.
455 1021 543 1084 Nam
568 1040 725 1105 praesens
749 1041 826 1083 cnm
851 1018 1037 1085 adhibetur.
1056 1020 1084 1085 si
1100 1018 1265 1104 particula

200 1136 356 1229 inprimis
379 1146 604 1210 affirmantem
624 1143 913 1226 obtestantemque
938 1145 1009 1207 uim
1034 1143 1144 1221 habet,
1163 1142 1264 1208 idem-

201 1289 267 1353 que
291 1276 341 1334 est
363 1275 464 1354 atque
489 1268 579 1353 quod
605 1289 665 1332 nos
689 1268 813 1332 suetiee
838 1267 998 1333 dicimus:
1031 1273 1069 1333 sd
1091 1275 1165 1333 sant
1187 1290 1261 1332 aemi.

200 1393 285 1457 Cum
302 1399 417 1458 autem
432 1395 582 1458 futurum
601 1392 747 1477 ponitur,
765 1391 970 1457 condicionis
991 1393 1042 1457 uis
1062 1399 1212 1457 remanet
1231 1392 1261 1476 ¹).

311 1518 398 1603 Curn
432 1518 467 1581 in
504 1517 555 1581 his
591 1516 753 1599 exemplis
788 1517 933 1581 formula
962 1518 1000 1582 ’se'
1023 1517 1108 1582 niuo'
1132 1521 1192 1580 aut
1214 1516 1264 1580 ”si

199 1642 320 1708 uiuam'
356 1663 488 1726 semper
517 1643 586 1707 iere
610 1642 811 1718 inueniatur,
837 1641 943 1705 maior
966 1640 1105 1725 quidem
1129 1639 1263 1705 dicendi

200 1766 343 1830 uarietas
377 1771 492 1831 exstat.
520 1765 576 1829 ubi
601 1765 684 1830 alter
707 1764 847 1829 alterum
872 1764 1001 1848 aliquid
1025 1771 1147 1828 monet.
1196 1764 1263 1828 Hie

200 1911 332 1974 semper
367 1911 523 1975 praesens
559 1896 692 1975 ternpus
727 1891 906 1954 inuenitur.
948 1888 1080 1953 duobus
1115 1888 1262 1973 exceptis

200 2013 371 2100 exemplis
407 2037 553 2099 quorum
584 2014 726 2100 protasis
756 2022 805 2079 est
829 2015 866 2079 'st
889 2014 1015 2096 sapiea’:
1039 2013 1138 2077 Baeh.
1168 2014 1260 2078 1002.

200 2141 275 2205 Non
310 2139 410 2221 dctus,
445 2140 474 2204 si
505 2141 618 2221 sapies.
666 2139 753 2203 Rud.
793 2141 886 2203 1391.
936 2139 974 2204 St
998 2138 1111 2221 sapiae,
1136 2137 1260 2203 tacebis.

199 2263 266 2330 Ubi
301 2263 453 2327 futurum
487 2264 609 2345 'sapies’
645 2262 896 2348 explicandum¹
911 2268 960 2328 est
984 2283 1119 2346 prorsus
1143 2260 1262 2326 ecdem

200 2387 423 2471 madeatque
448 2387 486 2451 'si
509 2387 629 2452 uinarrr'
654 2386 742 2472 (uide
767 2387 888 2472 supra).

307 2512 339 2576 si
365 2511 518 2576 codicum
542 2511 773 2576 auctoritatem
797 2510 981 2595 sequimur,
999 2509 1119 2574 modus
1137 2511 1171 2573 iu
1188 2509 1261 2574 aliis

200 2635 363 2720 exemplis
402 2634 606 2700 indicatiuus
640 2635 676 2699 in
711 2634 784 2699 aliis
819 2636 1056 2700 coniunctinus
1080 2641 1263 2719 usurpatur

199 2761 253 2826 ita.
280 2767 317 2824 ut
340 2758 446 2824 multo
471 2759 663 2845 praeualeat
686 2759 859 2824 iudicaturi
884 2781 973 2823 usus¹
1012 2759 1129 2843 Neque
1147 2766 1261 2823 tamen

199 2886 262 2950 hac
285 2884 355 2950 sola
380 2906 413 2949 re
438 2885 531 2948 nisus
555 2883 751 2948 crediderim
777 2883 903 2967 ubique
928 2905 999 2947 esse
1016 2883 1261 2948 restituendum

203 3010 293 3074 hunc
329 3008 478 3074 modum.
526 3007 612 3072 Nam
648 3008 775 3070 utiam
801 3008 836 3070 in
860 3007 1066 3092 praefatione
1091 3007 1170 3086 dixi,
1196 3007 1260 3071 nisi

200 3154 323 3218 magna
339 3134 435 3218 copia
448 3131 679 3216 exemplorum
692 3152 792 3195 usum
806 3132 968 3196 sermonis
981 3133 1061 3197 satis
1074 3132 1258 3201 coufirmat,

200 3260 339 3322 minime
375 3256 417 3322 ad
453 3278 556 3321 unam
593 3255 740 3340 regulam
778 3256 975 3340 corrigenda
1009 3264 1088 3320 sunt
1111 3277 1151 3321 ea
1174 3276 1260 3340 quae

200 3390 397 3468 repugnant.
446 3383 563 3466 Neque
588 3382 677 3445 enim
704 3380 814 3446 adhuc
831 3381 1043 3446 corroborata
1060 3389 1130 3446 erat
1145 3381 1261 3465 lingua

200 3510 393 3594 priscorum.
454 3506 517 3570 His
547 3513 659 3571 autern
696 3505 737 3570 de
772 3504 934 3589 exemplis
970 3527 1048 3570 cum
1084 3505 1166 3568 mihi
1190 3526 1260 3590 per·

201 3633 377 3697 suaderem
401 3654 456 3697 ecs
481 3651 664 3716 perpaucos
689 3651 806 3694 uersus
828 3629 884 3694 ubi
910 3629 1145 3694 coniunctiuus
1169 3629 1260 3694 inne·

202 3758 338 3834 niretur,
364 3755 577 3840 corrigendos
601 3776 682 3832 esse,
708 3756 781 3840 ipsa
804 3776 857 3819 me
882 3754 964 3818 ratio
989 3753 1110 3819 docuit.
1159 3753 1259 3818 Nullo

200 3880 289 3945 enim
314 3879 414 3944 modo
443 3900 529 3964 quae
564 3881 617 3944 uis
641 3881 676 3943 in
700 3878 756 3944 illo
781 3879 996 3945 coniunctiuo
1021 3879 1109 3955 insit,
1136 3878 1259 3964 perspi·

311 4149 328 4216 ¹)
346 4149 388 4204 (tf.
409 4150 601 4207 Redcnbusrlr
623 4151 640 4201 l.
660 4150 678 4201 l.
699 4166 761 4217 pag.
781 4149 823 4203 55.
