2924 5176
707 677 748 738 211

199 860 332 937 teinpus
356 853 462 917 futuri
487 853 659 918 referatur.
686 853 728 917 ad
744 853 896 937 proxime
912 853 1112 938 impendens
1129 861 1262 939 tompus

200 979 270 1041 fere
294 984 452 1061 spectare.
501 977 601 1061 Apnd
626 978 784 1071 Plautum
809 978 946 1062 quidem
964 984 996 1042 et
1011 979 1206 1043 Terentium
1220 1019 1262 1026 -

201 1108 362 1186 utsupra
387 1102 455 1165 dixi
481 1141 522 1148 —
547 1102 609 1166 hoc
634 1089 822 1171 discrimen,
848 1101 938 1186 qnod
963 1103 1050 1166 inter
1069 1104 1150 1167 iussi
1168 1110 1201 1168 et
1216 1104 1263 1167 in-

198 1226 329 1290 terdicti
364 1233 525 1311 tempora,
563 1234 612 1291 est
648 1227 805 1311 quanmis
834 1227 875 1291 ad
900 1229 1056 1291 t‘utnnnn
1080 1234 1263 1311 utrumque

198 1358 334 1435 spectet,
359 1373 400 1415 ex
424 1350 586 1435 exemplis
611 1373 678 1415 non
703 1352 783 1416 satis
806 1352 920 1422 elucet
944 1374 1024 1416 nmn
1040 1352 1156 1448 illicet
1172 1353 1263 1417 iussa

199 1484 232 1540 ct
256 1476 431 1540 interdicta
454 1477 648 1560 saepissime
673 1475 715 1540 ad
739 1476 934 1561 proximum
957 1471 1091 1561 ternpus
1116 1478 1262 1542 referun-

198 1608 267 1664 tur:
294 1601 385 1684 qnod
409 1600 549 1665 minime
574 1600 678 1665 uerba
702 1622 777 1665 mea
805 1602 930 1665 ret'utat
954 1600 1103 1670 dicentis,
1130 1603 1261 1688 inipso

199 1732 320 1790 notura
355 1726 437 1790 iussi
473 1732 505 1789 et
535 1725 702 1790 interdicti
726 1725 789 1790 hoc
814 1725 993 1790 discrimen
1018 1748 1088 1791 esse
1113 1727 1261 1792 insitum.

200 1850 292 1925 Quin
317 1872 392 1915 enm
419 1849 476 1913 ilio
499 1871 519 1913 0
543 1871 596 1914 me
621 1871 723 1934 supra
746 1849 847 1925 allata
863 1851 987 1935 regula,
1006 1872 1074 1935 qna
1090 1851 1125 1914 in
1137 1852 1263 1936 protasi

200 1975 328 2038 iussum
353 1975 545 2039 continente
569 1951 735 2060 praesens,
762 1976 798 2038 in
815 1976 940 2059 protasi
956 1976 1170 2041 interdictum
1189 1998 1263 2042 con·

198 2100 325 2175 tinente
349 2101 504 2163 futurum
528 2105 717 2184 usurpetur,
744 2121 875 2184 semper
898 2101 968 2165 t'ere
992 2100 1083 2185 apud
1099 2101 1262 2166 ‘Plautum

199 2230 232 2288 et
253 2224 448 2288 Terentium
473 2221 678 2293 obseruetnr,
704 2245 814 2308 neque
830 2232 944 2290 tamen
960 2225 995 2288 in
1013 2226 1154 2310 singulis
1171 2226 1261 2311 apud

199 2370 254 2413 eos
279 2348 441 2432 exemplis
465 2348 548 2412 illud
572 2349 732 2432 temporis
757 2338 945 2426 discrimen,
971 2349 1062 2434 qnod
1087 2351 1174 2415 inter
1197 2352 1261 2420 ius-

198 2495 275 2538 sum
299 2480 331 2538 ct
355 2472 567 2538 interdictum
594 2495 665 2538 osse
689 2495 792 2557 supra
815 2473 894 2550 dixi,
920 2495 1052 2558 semper
1071 2475 1170 2539 statui
1189 2496 1260 2560 pos-

198 2597 248 2665 sit.
275 2598 333 2662 sed
357 2598 533 2682 utriusque
557 2598 716 2682 temporis
740 2620 822 2662 usus
846 2597 1003 2663 definitus
1028 2621 1069 2664 ex
1091 2599 1196 2684 ipsius
1213 2601 1259 2665 rei

197 2724 325 2787 ratione
351 2723 417 2807 peti
442 2721 576 2786 debeat:
606 2744 647 2787 ex
671 2723 734 2786 hoc
758 2744 796 2786 eo
821 2722 941 2787 clarius
966 2724 1125 2807 sequitur.
1152 2724 1262 2790 utillo

198 2855 304 2912 aetate
329 2848 363 2911 in
388 2848 577 2912 communis
605 2849 768 2912 sermonis
792 2847 1034 2914 consuetudine
1058 2850 1112 2914 hic
1137 2856 1260 2934 tempo-

199 2995 275 3037 rum
299 2994 380 3036 usus
404 2975 620 3037 confirmatus
644 2973 747 3037 inerit
770 2974 917 3056 satisque
941 2972 1004 3037 sibi
1029 2974 1221 3038 constiterit.

306 3096 405 3172 Quod
441 3119 519 3162 curn
554 3098 636 3161 mihi
673 3097 790 3162 uidear
825 3097 1080 3176 demonstrasse,
1115 3100 1259 3164 conferri

200 3223 299 3286 iubeo
323 3223 414 3287 hnnc
439 3244 538 3287 nsum
563 3243 640 3286 cum
664 3223 720 3286 1110
744 3222 834 3307 apud
860 3223 1057 3307 posteriores
1074 3225 1153 3288 satis
1170 3231 1258 3303 noto

198 3369 266 3430 qno
291 3347 415 3411 dictum
443 3348 499 3411 sit:
525 3370 609 3430 omn,
634 3347 707 3412 sed:
732 3370 771 3413 ne
794 3349 972 3414 certatoris:
995 3369 1106 3412 nonne
1123 3349 1259 3432 cogitari

198 3480 316 3556 potest,
353 3471 466 3555 aliquo
502 3471 602 3536 inodo
636 3472 723 3536 inter
758 3494 792 3537 se
828 3473 1003 3538 cohaerere
1031 3473 1113 3538 haec
1137 3494 1261 3558 genera

200 3596 348 3661 dicendi:

412 3725 454 3787 do
478 3761 520 3768 —-
543 3723 607 3788 o-t'si
632 3725 699 3806 dae,
727 3725 899 3806 scriptitatis

410 3870 449 3912 ne
472 3848 661 3912 (10110110-
685 3848 714 3912 st
738 3848 869 3930 dedcrir,
894 3849 1073 3930 nepotatio.

199 3972 273 4036 Non
306 3971 352 4036 ita
375 3971 448 4036 dico
472 3972 536 4036 hoc
560 3979 593 4036 ot
615 3971 698 4036 illud
722 3973 907 4039 cohaerere.
934 3979 971 4036 nt
994 3995 1035 4036 ex
1059 3974 1161 4037 altero
1185 3974 1262 4038 aite-

199 4118 273 4160 rum
307 4098 350 4161 sit
382 4097 587 4165 arcessitum,
613 4096 670 4161 sed
695 4097 741 4160 ita
765 4105 802 4160 nt
826 4118 866 4160 ex
890 4097 997 4163 futuri
1021 4104 1054 4161 ct
1077 4073 1261 4182 praesentis

198 4222 233 4285 ui
257 4243 389 4305 usuque
413 4221 529 4286 eadem
555 4221 683 4286 ratione
708 4228 740 4285 et
762 4222 825 4286 hoc
850 4228 882 4286 et
905 4221 987 4286 iilud
1011 4223 1191 4306 repetitum
1207 4223 1258 4287 sit.
1280 4278 1287 4289 t
