2924 5176
716 717 735 781 3

202 898 387 982 generatim
413 898 576 963 utomlum
605 918 676 961 esse
700 896 798 961 credo
822 897 857 960 in
881 896 1075 961 huiusmodi
1100 894 1263 980 quaestio-

204 1023 304 1087 nibus
328 1023 370 1087 ml
394 1024 578 1107 priscorum
605 1029 778 1105 poetarum
805 1042 903 1085 usum
929 1021 1182 1106 pertinentibus

307 1147 461 1210 ‚Primum
484 1147 586 1230 igitur
611 1167 740 1223 moneo,
766 1168 808 1209 ne
832 1146 933 1210 nimis
951 1146 1047 1210 metri
1066 1146 1262 1210 necessitate

201 1279 331 1336 coaetos
366 1271 542 1335 credamus
578 1272 703 1356 priscos
738 1278 853 1354 poetas
890 1272 977 1351 leges
1000 1271 1172 1362 sermonis
1196 1271 1263 1333 uio-

201 1396 287 1461 lasse
313 1417 397 1460 neue
422 1395 466 1472 io,
492 1395 582 1479 qued
617 1403 733 1459 contro
764 1416 864 1458 usum
888 1395 1105 1478 mitiquerum
1130 1395 1263 1478 scripte-

200 1543 275 1585 rum
314 1521 364 1591 sit,
402 1521 437 1583 in
472 1519 597 1583 tabulis
634 1520 678 1583 itu
709 1519 931 1583 ‹lefemlmnus
968 1518 1020 1582 uel
1046 1518 1260 1602 explicemus,

204 1655 241 1710 ut·
265 1653 411 1709 metrum
435 1645 523 1708 hunc
553 1643 687 1707 illumne
723 1645 865 1707 lenitam
891 1637 1076 1726 postulusse
1101 1644 1260 1708 dieamus.

206 1771 249 1835 Ut
273 1792 290 1833 e
315 1769 430 1833 multis
449 1790 553 1832 unum
572 1769 673 1832 liuius
690 1789 867 1853 peruersae
884 1767 1114 1852 explicationis
1131 1790 1263 1852 ‹rxemp-

203 1896 271 1958 lum
298 1894 447 1969 offeram,
474 1892 617 1957 Brelnne
637 1893 657 1976 ¹)
681 1892 766 1977 (pag.
793 1891 847 1977 lc)
871 1891 1002 1956 scribit:
1041 1893 1110 1956 «Ex
1135 1893 1187 1956 his
1212 1915 1263 1956 ox-

203 2018 321 2103 cmplis
353 2019 467 2087 elucet,
506 2024 620 2102 poetas
653 2016 750 2080 metri
775 2017 971 2080 necessitote
995 2024 1126 2081 cenetos
1151 2018 1184 2081 in
1209 2018 1262 2081 otl-

204 2142 349 2208 lribendo
386 2145 500 2206 t'uture
536 2148 651 2205 exacto
687 2140 729 2204 iul
764 2139 798 2203 id
827 2140 979 2205 licentiae
1003 2142 1202 2226 precessisse
1226 2149 1262 2205 ut

201 2269 353 2331 l'uturum
391 2274 547 2331 exectum
583 2287 650 2329 non
687 2287 809 2349 niagno
847 2265 1038 2330 discrimino
1066 2267 1261 2351 interposito

203 2414 262 2476 pro
287 2391 436 2455 suturol
463 2397 641 2474 ponerent;
660 2411 763 2472 (piore
787 2390 957 2454 nominem
982 2391 1099 2472 fugiet,
1125 2392 1182 2473 qui
1208 2391 1264 2454 illu

203 2515 357 2599 exemplu
381 2514 567 2577 aeeurutms
592 2513 819 2596 exquisiuerit‚
844 2514 878 2577 in
904 2514 944 2578 iis
969 2516 1093 2578 futuris
1116 2515 1263 2599 uulgaris

203 2639 400 2705 elocutionis
424 2637 567 2721 uestigio
590 2639 744 2721 cognosci
769 2659 876 2722 posse.
910 2641 1020 2722 Atque
1044 2640 1264 2703 imreniuntur

202 2763 357 2847 exemplu
381 2768 514 2826 cent-mn
552 2761 671 2843 uiginti
707 2770 833 2845 septem
864 2763 982 2827 ultime
1008 2764 1078 2827 loco
1102 2786 1261 2828 uersuum

200 2887 410 2952 senariorum
433 2885 665 2962 iambieerum,
691 2885 746 2948 ubi
774 2887 939 2969 integrum
966 2888 1086 2971 pedem
1111 2889 1189 2971 poni
1216 2889 1261 2952 ui-

201 3013 323 3083 dimus,
338 3010 428 3096 quod
452 3031 511 3094 per
535 3010 680 3073 termam
706 3011 811 3074 futuri
837 3013 943 3075 execti
968 3012 1037 3075 lieri
1059 3020 1175 3096 potest.
1195 3035 1261 3076 non

200 3139 278 3201 item
304 3157 363 3221 per
387 3135 492 3198 futuri
530 3134 630 3218 primi
666 3135 843 3198 formum».
893 3136 936 3199 At
960 3136 1076 3199 eotlem
1103 3137 1173 3200 iure
1197 3137 1262 3200 dici

201 3267 311 3344 potest
329 3267 428 3343 atque
442 3258 526 3322 mihi
540 3258 677 3343 quidem
691 3259 804 3322 uerius
817 3258 951 3322 uidetur
964 3281 1044 3332 esse,
1062 3282 1135 3323 cum
1153 3261 1261 3344 ipsein

202 3383 244 3448 ob
268 3405 348 3455 rem,
383 3383 472 3466 qued
509 3383 692 3446 clausulam
730 3404 907 3446 numerose
932 3384 1104 3447 cadentem
1131 3387 1262 3467 egregie

202 3510 345 3573 officeret
367 3508 474 3571 futuri
498 3507 605 3571 execti
641 3508 758 3582 lorum,
783 3508 916 3593 inipso
941 3508 1006 3572 fine
1032 3531 1149 3573 uersus
1173 3510 1260 3574 lione

201 3634 345 3697 ferinam
378 3632 530 3717 posuisse
565 3640 689 3716 peetus,
716 3655 825 3716 neque
849 3673 890 3679 —
915 3633 949 3696 io
974 3633 1064 3717 quod
1090 3635 1262 3699 contendit

200 3757 344 3822 Brehmc
379 3795 420 3802 -
458 3765 573 3820 eontra
608 3778 708 3819 usum
744 3759 906 3821 serrnenis
936 3759 1030 3822 rnotri
1066 3761 1262 3824 necessitate

200 3890 331 3948 coaetos
370 3882 523 3944 futurum
565 3888 719 3944 eructum
763 3904 822 3966 pro
861 3884 976 3947 tuturo
1021 3885 1128 3967 primo
1171 3885 1261 3947 mllri-

200 4007 320 4072 buisse.
370 4007 466 4068 conr.
498 4005 587 4068 inl‘ra
610 4005 631 4087 ξ
654 4008 684 4068 l.

198 4162 265 4169 -.--
284 4162 348 4167 -.-.

310 4238 328 4300 ¹)
347 4240 376 4290 F.
406 4238 537 4302 Biolnno,
567 4238 740 4301 linguarum
771 4240 946 4291 rmuiciurum
978 4241 1070 4292 luxurii
1100 4246 1260 4307 temporum

199 4328 438 4391 significationem
460 4327 514 4378 iam
536 4327 638 4392 priscis
658 4327 771 4392 linguae
791 4328 896 4379 latinae
916 4331 1094 4395 temporibus
1109 4331 1136 4381 in
1152 4331 1262 4392 mireari

199 4416 360 4467 elocutione
380 4416 502 4481 perspici
524 4432 616 4481 posse.
656 4417 799 4482 (tettingen
822 4419 895 4469 lum
