2924 5176
710 361 751 420 us

199 539 364 623 praesenti
400 547 550 624 tompore
578 545 766 623 poneretur.
793 545 864 601 tum
890 535 1267 621 plusquamperfectum

197 687 257 749 per
279 665 468 748 analogiam
494 665 534 728 ‹le
559 663 667 728 irreali
693 664 870 749 praeterito
895 668 1093 746 usurpatum
1120 683 1200 726 esse.

306 789 344 853 Id
379 775 489 852 solum
518 789 614 853 addo.
642 781 697 852 uissx⁷
725 809 858 852 neccsse
882 809 952 852 csse
976 787 1019 852 ad
1043 787 1130 851 hanc
1154 787 1266 851 analo·

197 914 272 997 giae
309 915 470 977 rat-ionem
508 915 669 998 refugere.
707 935 782 977 cum
820 934 880 996 per
913 934 947 976 se
975 913 1133 996 explicari
1158 911 1267 996 possit

200 1061 279 1102 usus
303 1038 626 1123 plusquanipert'ecti
651 1037 692 1101 de
716 1038 824 1102 irreali
843 1037 1030 1121 praeterito.
1069 1036 1153 1099 Cum
1172 1035 1266 1100 enim

198 1164 364 1248 principio
389 1170 539 1247 tempora
565 1163 772 1227 coniunctiui
793 1169 825 1226 et
842 1162 1014 1226 indicatiui
1033 1161 1175 1236 candem
1191 1161 1264 1224 uini

198 1287 369 1363 habereut,
407 1309 565 1372 praesens
601 1289 785 1372 praesentis
822 1287 990 1372 temporis.
1026 1286 1267 1370 imperfectum

200 1413 377 1496 {tracteriti
396 1412 769 1497 plusquamperfectum
787 1412 821 1476 id
838 1410 1058 1494 significabat,
1077 1409 1168 1494 quod
1184 1417 1267 1474 tem-

200 1558 278 1620 pore
314 1538 490 1621 praeterito
526 1544 597 1600 erat
631 1537 841 1602 antecedens,
897 1536 991 1600 Haec
1026 1544 1139 1608 autem
1177 1536 1267 1619 plus·

199 1661 441 1745 quampert'ecti
467 1683 629 1744 germana
653 1662 915 1746 principalisque
938 1662 989 1725 uis
1006 1659 1149 1725 subinde
1166 1660 1266 1743 quasi

198 1785 417 1862 inficiebatur,
444 1793 481 1849 ut
504 1787 573 1849 uim
593 1786 757 1870 acciperet
773 1787 946 1870 quandam
964 1785 1125 1849 irrealem.
1164 1783 1265 1860 umd

200 1910 267 1974 iam
303 1910 486 1974 indicatiuo
522 1911 650 1974 fatuum
676 1933 747 1976 esse
772 1910 935 1975 uidemus
974 1910 1061 1974 Nam
1087 1910 1150 1973 hoc
1166 1910 1265 1973 iuter·

200 2034 282 2099 dum
316 2035 567 2119 significabatur
591 2035 728 2120 aliquid.
755 2035 846 2119 quod
870 2034 935 2098 alia
959 2056 992 2097 re
1017 2035 1150 2117 alioque
1174 2035 1265 2097 iacto

198 2167 374 2243 tamquam
400 2159 587 2244 praecisum
612 2169 706 2224 esset.

306 2283 409 2346 Ouius
427 2285 470 2348 rei
490 2285 699 2368 praeclarum
712 2284 906 2368 exemplum
920 2282 1113 2347 inuenimus
1126 2283 1194 2346 Mil.
1209 2284 1262 2347 52:

248 2411 333 2490 Quid
356 2413 388 2473 ia
416 2409 630 2491 (lappudociu,
655 2412 709 2474 au
733 2416 765 2473 ta
789 2413 972 2492 parapectus
994 2409 1097 2490 suan,

244 2535 291 2597 Ni
314 2535 403 2598 hebes
425 2535 595 2598 machaera
611 2535 708 2617 foret,
733 2557 794 2598 seruc
821 2536 881 2598 icta
907 2535 1070 2598 cecideras.

307 2657 474 2743 {occideras
498 2658 535 2724 n.
561 2661 709 2724 occideris
735 2659 845 2722 B‘th.
873 2659 1023 2723 omitteres
1047 2657 1156 2742 muz]

306 2783 411 2846 ‹lt-edo
437 2783 538 2866 igitur
562 2805 630 2846 nrm
659 2805 793 2848 necesso
818 2804 889 2847 esse
913 2803 972 2866 per
995 2782 1184 2866 analogiam
1210 2782 1261 2846 uel

199 2907 446 2991 perspicuitatis
475 2906 711 2971 tantummodo
735 2909 863 2972 ratione
887 2907 978 2971 hunc
1011 2905 1264 2990 plusquamper·
1332 2900 1335 2904 ’

198 3020 274 3095 fecti
311 3032 516 3104 coniunctiui
552 3053 652 3095 usum
688 3031 842 3097 irrealem
877 3031 1052 3116 explicare.
1090 3053 1169 3095 cum
1194 3032 1264 3095 iam

199 3156 403 3221 indicatiuus
437 3157 554 3220 codem
579 3157 647 3221 fere
672 3158 773 3221 modo
797 3163 978 3242 usurpatus
1003 3179 1074 3221 esse
1099 3156 1260 3220 uideatur.

307 3281 480 3346 Hactenus
505 3282 544 3348 de
569 3283 696 3347 Plauto.

307 3407 510 3491 Priusquam
534 3414 645 3472 autem
672 3407 714 3472 ad
738 3407 884 3472 Terentii
909 3427 1010 3470 usum
1027 3405 1261 3491 transgredior,

199 3531 349 3597 tabulam
385 3534 555 3618 proferam
591 3533 822 3615 exemplorum
858 3531 949 3616 apud
986 3531 1076 3595 hunc
1100 3538 1133 3596 et
1155 3530 1261 3608 illum,

200 3680 267 3742 qua
292 3659 361 3721 iam
384 3658 546 3743 suspicari
571 3657 686 3742 possis,
712 3657 808 3721 illum
832 3657 1050 3720 recentiorem
1068 3677 1166 3720 usum
1183 3663 1264 3720 tem-

199 3804 320 3867 porum
345 3783 435 3867 apud
460 3782 654 3846 Terentium
680 3782 812 3865 longius
835 3781 1035 3866 processisse
1052 3802 1154 3865 quam
1172 3779 1263 3864 apud

200 3907 367 3972 Plautum.
