2924 5176
705 665 746 726 z'r‘r'

191 842 259 905 seio
285 862 328 904 au
354 841 492 926 propius
527 842 609 906 haec
641 840 795 925 exempla
819 842 979 906 aceredant
1003 842 1045 905 ad
1070 841 1256 905 similitudi-

192 988 267 1030 ncrn
302 988 419 1030 eorum
456 966 684 1031 detestationis
719 966 961 1051 exemplorum,
990 966 1256 1051 ‹priaeproxiina

189 1091 387 1174 §trebiani

296 1215 411 1281 Altera
435 1217 586 1301 ‹piieestio
611 1222 661 1281 esi
684 1217 724 1280 dc
750 1215 857 1279 rnodis
893 1215 1045 1300 protasis,
1094 1215 1179 1279 Cum
1214 1238 1254 1278 ex

190 1351 263 1405 octo
288 1341 460 1426 exemplis,
486 1341 610 1426 ‹pribus
635 1341 770 1424 sponsio
788 1341 883 1416 inest,
902 1350 1021 1426 <prater
1037 1339 1253 1417 indicaturus,

190 1472 239 1530 ter
251 1465 487 1530 coniunctiuus
500 1465 534 1529 in
549 1465 685 1549 optimis
702 1464 872 1529 codicibus
885 1465 1015 1545 legatur
1029 1464 1136 1550 [Truc.
1152 1464 1251 1559 iios

190 1591 286 1666 coni,
311 1590 414 1654 Palat.
441 1589 532 1675 indl,
559 1591 758 1670 llrugmaun
774 1588 957 1659 ,contendit
980 1589 1137 1653 omnibus
1173 1589 1253 1654 loeis

190 1714 288 1798 (Rud.
317 1716 401 1779 1380
415 1721 562 1799 excepto,
590 1714 645 1778 ubi
670 1715 775 1778 oratio
799 1713 937 1798 obliqua
963 1713 1084 1796 ualeat)
1101 1736 1162 1798 pro
1179 1734 1252 1777 con-

190 1839 340 1905 iunctiuo
365 1861 435 1904 esse
460 1838 704 1903 resiituendurn
722 1837 954 1915 indicaturum,
969 1859 1008 1903 ea
1021 1837 1136 1920 regula
1148 1838 1252 1911 nisus,

190 1965 285 2029 cuius
310 1965 514 2029 mentionem
539 1965 605 2027 ianr
621 1964 695 2039 feci,
714 1984 783 2047 qiia
795 1985 934 2047 semper,
950 1962 1007 2026 ubi
1027 1963 1183 2047 apodosis
1196 1963 1254 2026 irn-

191 2090 332 2172 peratiui
351 2088 490 2152 modurn
515 2087 681 2171 praebeat,
699 2088 733 2151 in
751 2087 875 2172 protasi
893 2086 1095 2151 indicatiuus
1113 2088 1251 2169 legatur.

190 2216 300 2289 Quam
325 2212 477 2298 regulam
501 2213 640 2276 omnino
665 2233 780 2276 ueram
798 2233 868 2276 esse
890 2210 1069 2275 multitudo
1087 2210 1253 2295 exrunplo·

190 2360 264 2402 rum
284 2338 466 2403 coufirmat.
501 2337 619 2422 Neque
636 2356 722 2418 nego
740 2337 776 2400 iu
793 2336 844 2400 his
857 2336 1034 2420 sponsonis
1047 2357 1182 2420 (proque
1200 2358 1253 2400 ex-

189 2462 308 2546 emplis
324 2462 420 2528 ualde
433 2462 515 2526 nrilri
528 2461 658 2546 placere
672 2461 765 2525 illain
779 2460 953 2525 modorum
969 2461 1249 2526 conuenientium.

189 2587 347 2651 Attamen
371 2608 447 2651 cunr
474 2608 513 2650 ex
538 2594 611 2651 ocio
636 2585 798 2671 exemplis
815 2585 918 2650 terde
935 2585 1149 2650 coniunctiuo
1173 2584 1249 2649 libri

110 2752 113 2763 ·
188 2712 408 2778 consentiant.
423 2732 462 2776 ea
474 2732 560 2795 (lirae
573 2710 620 2774 illi
634 2710 767 2793 regulae
782 2718 980 2795 repugnant,
1005 2710 1169 2794 corrigere
1194 2710 1252 2773 uix

187 2837 305 2913 audeo
331 2836 436 2901 donec
464 2837 505 2900 de
529 2835 656 2919 origine
681 2844 711 2899 et
737 2834 958 2919 explicatione
982 2835 1173 2919 sponsionis
1198 2857 1252 2898 ex-

188 2961 377 3047 emplorum
412 2960 599 3046 ‹pridquain
635 2960 714 3024 cerii
751 2966 914 3024 statuturo
939 2959 1009 3023 erit.
1058 2959 1169 3043 Atque
1194 2959 1249 3022 eti·

187 3108 251 3155 ain,
267 3087 294 3151 si
308 3108 368 3171 per
379 3085 693 3170 breuiloquentianr,
719 3094 757 3148 ut
773 3083 929 3169 equidem
947 3083 1155 3158 crediderim,
1173 3088 1252 3146 sunt

188 3211 395 3297 explicanda,
420 3212 455 3274 in
480 3209 659 3274 uerborum
686 3230 773 3273 nexu
799 3207 961 3292 singulari
988 3229 1089 3272 causa
1111 3207 1249 3292 cogitari

189 3321 305 3419 potest]
331 3356 390 3399 cui·
414 3334 514 3399 niodo
538 3333 742 3398 indicaturus
768 3333 866 3397 niodo
891 3332 1126 3397 coniunctiuus
1150 3354 1251 3416 pona-

190 3466 252 3524 tur.
299 3460 411 3536 Quare
435 3459 540 3523 tritius
564 3457 662 3522 oredo
688 3475 759 3521 esse
783 3459 908 3521 forinas
932 3457 966 3520 in
992 3455 1161 3521 codicibus
1188 3464 1249 3521 tra·

187 3584 274 3650 <litas
299 3605 440 3649 seruare.

265 3891 287 3970 ς’
311 3893 340 3951 li.
389 3888 592 3954 Sententia
616 3888 897 3953 condicionalis
921 3889 1014 3969 posi
1037 3887 1160 3951 uerba

602 4013 826 4078 affectuum.

291 4217 455 4301 Persaepe
491 4224 564 4301 post
600 4216 704 4281 uerba
735 4219 918 4281 affectuum
947 4215 1110 4280 sententia
1135 4215 1246 4279 eondi-

184 4339 321 4406 cionalis
354 4341 534 4406 inuenitur.
584 4342 696 4417 (lirare
732 4348 812 4405 sunt
843 4342 900 4425 qui
926 4340 1071 4413 credaut,
1097 4341 1126 4403 si
1152 4341 1247 4424 parii-

183 4466 295 4531 culam
318 4467 365 4531 sic
383 4466 531 4553 ,positam
550 4465 691 4530 caulem
708 4465 986 4548 significationem
1004 4486 1103 4551 saepe
1124 4464 1246 4529 habere
