2924 5176
690 668 727 728 41

288 841 442 927 (Uersum
468 845 531 906 (536
559 843 744 907 secundum
770 843 920 929 Ussiugii
945 846 1145 929 scripturam
1167 867 1242 909 cou-

179 966 331 1031 forruaui.
358 968 420 1031 uisi
447 969 537 1051 quod
562 968 591 1032 is
614 991 717 1050 speres
741 968 827 1049 legit.
871 968 1009 1034 Codices
1025 971 1055 1034 si
1070 971 1239 1034 omittunt.

180 1092 290 1156 Codex
330 1092 357 1155 Ι)
388 1115 506 1175 speras,
531 1092 630 1156 ceteri
654 1116 767 1176 speres,
792 1115 879 1178 quae
903 1095 1107 1159 coniunctiui
1132 1095 1242 1160 fornia

179 1239 256 1281 curu
272 1218 412 1282 forsitan
429 1225 613 1282 ceterorum
632 1219 827 1282 attractione
844 1218 979 1284 defendi
996 1220 1109 1305 possit.
1128 1228 1241 1285 tamen

180 1350 313 1427 propter
348 1343 444 1407 simil.
484 1365 514 1407 u.
550 1346 614 1407 aaa
637 1343 801 1407 mutanda
825 1364 895 1408 esse
920 1344 1062 1408 uidetur.
1110 1343 1241 1409 Schoell

178 1469 224 1531 ita
248 1468 378 1532 scribit:
412 1470 454 1534 Ut
477 1469 533 1534 tibi
557 1470 690 1534 ulmeam
714 1469 749 1533 rri
773 1475 883 1534 metere
906 1492 1015 1552 speras
1038 1470 1133 1552 uiro:
1153 1491 1240 1553 quac

179 1593 262 1657 inihi
298 1593 440 1657 deterior
472 1592 568 1658 lectio
593 1592 726 1657 uidetur
750 1614 830 1657 esse.
856 1615 934 1658 oum
958 1594 1121 1659 cornicem
1149 1593 1240 1658 illam

178 1718 258 1785 uini,
296 1739 383 1802 quae
418 1717 529 1782 uerbis
563 1719 592 1782 si
621 1740 730 1800 speras
754 1720 885 1802 egregie
909 1720 1078 1784 efficiatur.
1105 1740 1240 1803 prorsus

178 1843 315 1928 perdatl.

177 1969 270 2033 Asin.
297 1972 370 2033 eoa
426 1970 524 2036 Uehes
542 1972 599 2051 pot
621 1993 668 2035 rae
692 1971 790 2035 trodio.
814 1973 843 2034 si
866 1971 987 2051 partitam
1004 1971 1060 2034 lroo
1076 1975 1241 2051 arpentum

461 2096 553 2178 ferro
575 2117 694 2175 speras.

178 2220 259 2306 [cod.
285 2243 398 2302 speres.
447 2219 518 2283 lam
543 2219 663 2284 Mulier
687 2219 887 2303 (Nachtrtigo
904 2240 963 2282 zur
978 2218 1084 2282 Ptaut.
1102 2217 1238 2282 Prosod.

180 2369 253 2430 pag.
295 2346 367 2428 121)
403 2344 547 2429 scripsit:
583 2367 703 2426 speras,
738 2352 826 2409 recte
861 2344 988 2408 addens
1015 2365 1075 2428 pro
1100 2341 1240 2426 explica-

179 2472 284 2536 tiouo:
317 2470 356 2534 Iu
381 2470 446 2534 uiel
471 2477 601 2554 spatcre
637 2468 708 2533 Zeit
731 2470 853 2552 regiert
879 2461 1033 2551 sap-aridem
1056 2468 1143 2531 ohne
1169 2466 1240 2531 wei-

177 2604 262 2662 teres
287 2596 352 2662 den
377 2594 600 2682 Oonjuuctiv.]

285 2721 336 2785 Ad
370 2742 457 2805 quae
492 2720 647 2805 exempla
682 2720 771 2783 haud
808 2720 875 2784 scio
910 2741 953 2784 au
979 2720 1022 2783 sit
1044 2716 1238 2783 addendum

178 2847 300 2932 Amph.
327 2849 385 2909 aar
415 2868 463 2929 sq.

244 2972 469 3037 Fccieadamst
492 2971 571 3036 ruiti
596 2971 685 3053 illud,
702 2972 779 3057 fieri
803 2972 885 3052 qaod
907 2971 999 3034 illaec
1019 2969 1166 3051 postulet,

246 3097 282 3162 si
305 3119 352 3161 rae
375 3097 464 3161 ille-m
489 3103 646 3161 carentem
670 3097 714 3159 ad
735 3117 798 3160 sese
821 3096 963 3160 studeam
986 3094 1130 3175 tempere.

285 3220 420 3305 [Uersus
446 3221 509 3283 892
534 3221 693 3304 Langeno
718 3220 836 3283 merito
853 3224 1029 3302 suspectus
1054 3218 1188 3282 uidetur
1206 3219 1235 3301 ¹).

177 3346 244 3409 Leo
275 3346 428 3410 adnotat:
470 3367 555 3409 «nou
588 3343 630 3408 ad
655 3344 762 3408 Plauti
788 3343 1074 3429 simplicitatornz»
1113 3343 1140 3407 si
1165 3365 1237 3407 uor-

177 3491 234 3535 sus
258 3471 429 3547 retinetur,
454 3469 570 3534 saltem
598 3492 658 3554 pro
681 3471 824 3534 studeam
847 3467 1020 3533 iudicatiui
1046 3469 1155 3532 forma
1177 3475 1238 3532 sta-

177 3597 231 3661 deo
255 3597 461 3660 restituenda
484 3596 553 3680 estt

286 3721 437 3805 Denique
462 3742 568 3805 pauca
594 3721 784 3784 huiusmodi
812 3719 966 3804 exerupla
986 3728 1236 3803 sunt,quoru1u

175 3846 210 3910 iu
249 3847 372 3930 protasi
408 3847 593 3931 perfectum
631 3847 810 3911 inuenitur.
859 3844 898 3909 Iu
935 3844 985 3908 his
1010 3845 1051 3908 ad
1077 3843 1119 3921 id,
1146 3843 1236 3928 quod

174 3972 243 4035 iam
267 3978 365 4035 antea
389 3973 514 4035 tactum
540 3953 597 4034 e‘st.
624 3973 717 4055 qrrasi
745 3970 925 4055 delegatur.

175 4096 294 4160 Pseud.
322 4098 396 4162 aea
447 4097 484 4161 Si
518 4118 668 4177 cuiquam
702 4118 887 4178 promoueri
916 4096 950 4159 di
975 4095 1164 4159 inimortales
1186 4117 1237 4158 ao·

485 4224 569 4286 lrrrrr
592 4243 655 4286 (sse
679 4221 803 4286 auxilio
826 4221 979 4303 adiutum,

286 4479 304 4509 ¹⁸
323 4483 447 4549 Iaurprn,
467 4483 600 4544 Bcitritpc
621 4497 681 4547 pap.
703 4480 745 4532 4⁸.
