2924 5176
712 387 770 447 lla

314 562 371 625 Ill.
419 562 469 626 Do
494 563 534 625 iis
559 563 750 627 enuntiatis.
770 584 856 646 (puae
873 560 1128 627 eouiune'tiuunr
1145 563 1180 627 in
1199 584 1276 647 pro-

206 686 279 753 tasi.
315 686 537 751 indicatiuum
575 686 609 750 in
646 686 785 770 apodosi
820 686 949 750 habent
967 686 996 769 ¹),
1033 686 1098 751 iarn
1135 686 1219 752 Lilia
1237 688 1273 773 2),

209 811 302 875 illese
318 813 351 891 ⁸).
380 811 516 894 langen
533 812 556 893 4)
588 811 801 895 seripserunt.
853 811 944 874 liiliei
969 809 1061 877 liber,
1087 811 1146 895 qui
1169 832 1275 877 usum

205 936 358 1000 omnium
384 936 565 1000 latinorum
590 936 790 1020 scriptorum
808 936 926 1016 anteit
945 937 987 1000 ad
1004 937 1190 1021 priscorum
1208 936 1271 1002 sal-

206 1069 274 1125 leni
299 1081 487 1125 sennonem
514 1061 594 1124 milii
622 1062 733 1125 irritus
764 1061 959 1146 inutilisque
984 1062 1088 1126 fuisse
1113 1062 1266 1126 uidetur:

205 1193 238 1249 et-
262 1186 400 1249 onmino
425 1185 632 1250 eoniunetiui
656 1207 758 1249 usum
782 1186 840 1250 uix
865 1187 945 1250 satis
969 1187 1147 1271 perspexit.
1188 1187 1271 1252 lian-

204 1331 270 1392 gen
294 1309 427 1392 singula
451 1311 604 1394 exempla
627 1311 696 1374 fere
721 1311 937 1388 exanimauit,
964 1332 1031 1395 quo
1054 1314 1182 1376 laetum
1208 1320 1270 1390 est,

205 1440 247 1506 ut,
266 1435 436 1498 interdurn
460 1435 502 1498 ad
527 1457 627 1499 sunni
653 1435 759 1519 ipsius
792 1436 968 1500 arbitrium
993 1437 1135 1501 fortasse
1159 1437 1270 1521 magis

198 1579 307 1642 uuam
332 1559 374 1623 ad
399 1559 540 1644 plautini
566 1561 729 1624 sermonis
763 1582 916 1625 normam
942 1561 1097 1646 exempla
1121 1562 1271 1646 exigeret

204 1689 237 1748 et
271 1683 371 1749 nimis
408 1693 539 1767 pareret
573 1683 746 1768 cupiditati
784 1675 969 1767 corrigendi
1005 1685 1267 1771 damnandique.

205 1807 302 1872 Blase
327 1830 404 1872 eum
438 1809 472 1872 in
507 1810 583 1873 diss.
610 1831 671 1873 sua
695 1811 777 1894 (rap.
804 1811 845 1893 ll)
871 1811 1055 1875 seeundum
1082 1833 1120 1876 ea
1143 1833 1269 1896 genera

204 1932 346 1997 diuersa.
384 1955 527 2018 quorum
565 1958 636 1998 esse
660 1933 808 1999 erederet
831 1935 911 1999 talia
935 1937 1117 2013 ermutiata,
1144 1935 1269 2020 disper-

202 2057 341 2123 tiuissot.
369 2058 491 2123 multas
516 2080 595 2123 sane
620 2059 798 2143 uariasque
824 2081 940 2125 orursas
965 2062 1117 2128 atterens,
1144 2060 1268 2144 quibus

204 2183 410 2248 eoniunetiui
443 2205 542 2248 usurn
579 2183 783 2269 explicatum
819 2184 927 2250 uellet.
965 2207 1055 2250 nune
1091 2186 1162 2269 ipse
1198 2183 1269 2271 (der

205 2308 417 2392 Konjunktiv
453 2308 510 2372 des
547 2309 688 2373 Prasons
724 2309 771 2372 im
807 2309 1125 2394 Bedinguugssatze
1155 2332 1186 2395 p.
1214 2311 1267 2397 23)

203 2431 264 2496 hoe
290 2453 464 2516 perperam
499 2434 624 2519 facturn
663 2455 733 2497 esse
770 2433 952 2498 rectissime
977 2433 1148 2498 iudicauit.
1197 2434 1267 2499 Neo

201 2564 314 2622 tamen
339 2559 410 2621 eius
434 2557 626 2622 sententiae.
655 2559 694 2622 de
720 2580 788 2643 qua
812 2558 890 2623 uide
914 2559 933 2622 l.
960 2559 990 2625 l..
1017 2558 1172 2624 assentiri
1197 2580 1268 2644 pos-

202 2703 286 2747 sum.
324 2683 441 2767 Neque
462 2685 551 2747 enim
566 2682 726 2748 debemus
752 2682 969 2747 diffieiliorem
989 2683 1267 2767 subtilioremque

202 2806 338 2871 reddere
363 2806 620 2892 explicationem
651 2808 751 2872 huius
782 2829 871 2872 usus.
921 2807 1008 2871 Nam
1031 2829 1268 2891 sennoquenr·

201 2931 386 2995 admodum
421 2931 463 2996 ab
498 2933 563 2996 alio
591 2939 740 3016 tempore
779 2931 936 2996 adalind
961 2932 1147 3016 transgredi
1172 2933 1264 3016 apud

203 3055 360 3139 antiquos
383 3062 513 3140 poterat
538 3056 579 3142 (u.
606 3057 628 3138 ξ
655 3059 694 3119 12
725 3079 756 3140 p.
792 3057 873 3138 102),
901 3055 994 3119 utin
1019 3057 1144 3140 protasi
1174 3078 1264 3141 prae-

202 3201 288 3257 sens,
324 3181 360 3243 in
403 3179 540 3264 apodosi
591 3181 827 3265 irnpert'eetum
875 3179 1081 3244 ooniunotiui
1129 3202 1267 3265 usurpa·
1335 3213 1337 3218 2

202 3311 300 3369 retur.
326 3304 373 3367 ita
408 3303 449 3368 ab
485 3304 549 3368 alio
586 3305 685 3369 modo
721 3305 763 3368 ad
800 3303 904 3368 alium
929 3305 1100 3368 transferri
1125 3312 1264 3388 poterat,

312 3562 330 3627 1)
349 3564 420 3616 Nam
440 3564 476 3616 de
495 3565 530 3614 iis
550 3565 716 3629 enuntiatis,
747 3580 866 3628 quorum
896 3565 924 3614 in
955 3565 1062 3629 protasi
1082 3564 1266 3630 indicaturus,

200 3654 231 3704 in
250 3653 369 3718 apodosi
390 3653 590 3704 eoniunetiuue
611 3653 722 3717 legitur,
746 3669 803 3703 non
824 3668 896 3718 opus
916 3653 1076 3704 estdirere.
1115 3653 1187 3704 Nam
1201 3669 1265 3718 apo-

201 3742 280 3793 dosis
300 3741 402 3793 modus
423 3741 625 3792 eoniunetiuus
644 3741 708 3793 aliis
729 3741 822 3792 causis
843 3741 975 3792 eflicitur.

311 3827 330 3885 'l
360 3829 630 3895 (Jonjunetiviscner
658 3830 906 3895 Bedingungssata
938 3830 984 3882 bei
1014 3830 1265 3883 indicativisehern

201 3920 360 3984 llauptaatz
379 3919 417 3970 irn
439 3919 649 3985 lateinischem
669 3919 766 3970 Berlin
787 3918 865 3971 1884.

310 4004 329 4061 3)
350 4009 390 4058 De
410 4008 559 4059 modorum
579 4012 666 4073 temp.
687 4012 808 4073 permut.
830 4013 916 4074 eaput
935 4009 975 4067 113
1006 4009 1063 4060 Der
1083 4009 1266 4074 Konjunktiv

201 4097 252 4148 des
273 4098 395 4148 Prasens
415 4096 453 4147 im
474 4096 747 4162 Bedingungssatze‚
769 4097 874 4149 Wolffl.
896 4097 980 4149 Areh.
1001 4098 1053 4163 IX,
1073 4098 1095 4159 Ι,
1116 4114 1142 4167 p.
1165 4097 1205 4151 17.

310 4184 330 4254 ⁴)
351 4185 482 4250 Beitrage
502 4203 528 4255 p.
548 4185 661 4240 43—53.
