2924 5176
717 308 843 401 'ie

529 493 667 567 Ianitor,
695 493 747 558 nei
769 493 873 558 isluac
895 493 967 559 istis
989 493 1184 559 incitaretis
1241 494 1244 500 '

538 619 641 700 Usque
664 619 748 682 adeo.
775 619 869 683 draco
892 639 955 699 qao
979 620 1103 684 doraum
1123 613 1357 702 abrol’aesciol,

530 743 678 807 Peroratio
700 745 798 808 ambe.

385 867 460 953 [arisi
483 867 545 952 (nei
569 867 694 931 Parcus
718 868 821 932 istanc
843 867 914 932 istis
930 866 1150 933 Camerarius,
1168 891 1207 934 ae
1225 867 1268 933 als
1284 875 1357 934 tanc

383 993 455 1058 artis
477 992 512 1056 B.
536 1015 576 1058 nc
598 992 641 1057 r'e's
664 999 737 1057 tanc
760 991 827 1057 Ol).
852 992 918 1058 alsi
942 992 987 1057 sic
1009 999 1083 1058 tuac
1106 991 1153 1077 Fr

401 1116 441 1181 Ι11
465 1117 518 1182 his
549 1115 714 1182 ambobus
747 1116 909 1201 exemplis
945 1117 1101 1201 perfacile
1124 1117 1280 1181 futurum
1304 1138 1357 1181 ex·

294 1242 446 1327 plicatur,
479 1263 557 1306 curn
592 1247 625 1306 el
658 1241 694 1306 in
717 1242 780 1306 hoe
804 1247 837 1306 et
859 1241 896 1305 in
918 1240 976 1306 illo
1000 1263 1078 1306 cum
1101 1241 1167 1306 alia
1190 1243 1357 1308 sententia

294 1366 515 1431 condicionali
540 1366 719 1431 coniuncta.
742 1367 785 1430 sit
809 1387 847 1430 ea
869 1366 1020 1450 protasis,
1039 1387 1125 1451 qnae
1142 1388 1161 1431 a
1177 1367 1213 1431 ae'
1228 1366 1356 1452 incipit.

294 1491 507 1556 Conferenda
542 1497 622 1555 sunl
654 1491 758 1555 uerba
785 1490 891 1554 Brixii
914 1490 955 1554 ad
981 1491 1048 1555 Mil.
1076 1493 1154 1556 163:
1194 1490 1276 1556 «Die
1300 1493 1358 1557 Be-

293 1615 447 1700 deutung
469 1614 529 1679 der
552 1615 692 1700 synkop.
720 1615 864 1679 Formen
888 1613 957 1700 (des
983 1614 1055 1679 Fut.
1082 1615 1145 1700 ex.)
1168 1615 1212 1680 ist
1228 1615 1282 1682 die
1299 1617 1356 1682 des

295 1738 478 1824 bedingten
518 1739 739 1824 zukiinftigen
775 1739 966 1804 Eintretens
1005 1740 1097 1804 einer
1135 1740 1354 1806 thatsachlich

299 1863 467 1930 vollcndet
490 1862 677 1948 gedachten
700 1863 918 1948 Handlung».

402 1988 489 2053 Cum
511 1988 564 2053 his
588 1987 750 2074 exemplis
774 2009 861 2074 quae
885 2009 987 2073 supra
1006 1988 1102 2053 attoli
1119 1987 1204 2073 (pag.
1223 1988 1350 2074 11-11),

295 2113 419 2198 quibus
443 2113 519 2198 quis
543 2113 636 2178 iussu
660 2113 829 2198 minisque
852 2113 981 2178 alium
1008 2113 1133 2191 incitat,
1160 2113 1294 2198 utquid
1311 2114 1358 2178 fa·

294 2237 368 2315 ciat,
400 2237 552 2323 proxime
582 2237 819 2322 coniungenda
849 2244 928 2301 sunt
957 2259 1005 2315 ea,
1035 2237 1158 2322 quibus
1185 2238 1282 2323 quis
1315 2260 1356 2303 se

293 2362 304 2426 i
312 2383 383 2447 pse
407 2362 659 2427 cohortatur.
708 2362 749 2426 ln
771 2362 896 2446 protasi
920 2362 1040 2425 horum
1066 2361 1296 2447 exemplorum
1313 2402 1357 2409 -

293 2507 437 2572 quorum
461 2486 498 2550 in
521 2486 661 2570 apodosi
684 2485 883 2572 plerumque
907 2507 1065 2571 praesens
1089 2494 1148 2551 aut
1170 2487 1357 2572 perfectum

293 2611 398 2676 futuri
429 2610 502 2676 loco
526 2611 577 2696 (cf.
603 2632 678 2696 pag.
707 2612 758 2695 17)
782 2610 969 2695 legitur-
993 2631 1125 2696 semper
1148 2633 1356 2697 praesens

293 2735 474 2801 inuenitur.

610 2860 704 2925 Haec
728 2860 883 2944 exempla
904 2860 1038 2924 inueni:

486 2985 692 3050 Futurum
715 2991 880 3069 ternpus
903 2985 945 3048 in
969 2984 1162 3070 apodosi:

292 3111 380 3175 Men.
407 3112 479 3174 847.
529 3111 576 3175 Ni
600 3133 710 3193 occupo
735 3111 864 3192 aliquod
886 3111 967 3175 milri
991 3111 1165 3182 consillrna,
1179 3112 1213 3174 111
1234 3113 1356 3175 (loricam

573 3257 620 3299 arc
643 3237 687 3300 ccl
709 3258 740 3300 se
764 3235 916 3319 auferent.

294 3361 415 3424 Heant.
443 3361 515 3424 730.
675 3361 796 3434 Faciet,
820 3360 886 3425 nisi
910 3383 1012 3426 ccccc.

478 3484 688 3548 Praesens
712 3493 879 3568 ternpus
903 3485 945 3548 in
968 3483 1164 3569 apodosi:

293 3610 384 3673 Asin.
412 3611 484 3673 287.
533 3609 624 3673 Pera
646 3631 699 3691 epo
725 3611 845 3690 oppida.
870 3609 935 3673 alsi
960 3609 1119 3674 Libanum
1135 3609 1262 3674 inuenio
1278 3610 1355 3681 iera,

579 3733 635 3798 aba
657 3733 741 3798 ablat
765 3733 913 3815 pontium.

293 3857 385 3922 Asin.
412 3860 485 3922 918.
838 3911 841 3915 .
958 3879 1033 3924 acra
1056 3859 1093 3923 ai
1114 3858 1246 3939 inpetro,

537 3983 652 4065 Bepara
669 3983 809 4064 perdidi.
