2924 5176
703 393 763 454 lto

200 591 335 653 prorsus
359 570 512 634 recedere
538 571 654 655 potuit,
680 568 772 634 uolut
797 570 903 634 l'laut.
931 570 1028 655 lipid.
1056 571 1119 634 730
1146 574 1266 636 inultus

199 695 237 757 clo
272 695 354 758 lianc
388 695 514 758 neniam
552 695 619 775 titt,
655 695 721 759 nisi
755 696 934 760 necesitate
957 717 1061 778 ceper,
1091 716 1158 759 «wo
1183 695 1264 758 atrei

199 817 490 882 Konstrulrtionen
513 819 636 882 ‘inultus
659 820 706 900 dc,
731 820 785 882 secl
808 841 899 901 tepor
911 820 980 882 und
998 820 1063 884 nisi
1080 841 1183 902 ceper,
1200 841 1265 884 nort

199 945 269 1007 darn.
292 943 654 1026 zusammengellosscn
690 942 796 1006 siud».
847 943 963 1027 Neque
989 964 1124 1007 cansam
1150 942 1263 1007 attulit

199 1066 430 1144 sufficientem,
456 1067 573 1131 curin
598 1068 660 1131 lroc
685 1067 839 1151 exemplo
871 1068 967 1132 liceat
991 1075 1136 1132 statuere
1160 1066 1264 1131 talem

199 1192 375 1254 contusam
401 1199 613 1269 structuram,
646 1193 680 1254 in
713 1191 785 1255 aliis
810 1199 921 1256 autem
948 1191 1111 1276 exemplis
1136 1213 1204 1256 nou
1229 1191 1265 1255 li-

199 1321 279 1378 ceat.
329 1316 421 1390 Quin
457 1317 528 1380 siue
563 1315 696 1389 latinae,
734 1317 804 1380 siue
833 1316 973 1380 aliarum
1000 1316 1190 1396 linguarum
1216 1316 1264 1379 in-

199 1439 361 1522 spicimus
385 1462 585 1509 sermonem.
623 1463 690 1504 non
720 1462 900 1525 possumus
925 1462 991 1505 non
1017 1441 1148 1506 sentire.
1175 1439 1264 1504 iacil-

199 1564 278 1628 liuie
314 1564 348 1627 in
385 1565 555 1628 sermonis
585 1564 773 1648 quotidiani
806 1565 1085 1629 cousuetudinem
1120 1565 1265 1649 irrepere

201 1709 297 1772 posse
332 1690 426 1752 uaria
463 1710 586 1773 genera
622 1689 674 1753 uel
712 1689 945 1773 lnachylogiae
981 1691 1031 1754 uel
1064 1689 1262 1753 anomaliae.

199 1812 292 1876 Talia
329 1821 441 1877 autem
472 1819 617 1898 σχήματα
641 1835 717 1877 cum
744 1815 907 1878 nonnulla
931 1836 998 1877 non
1024 1814 1087 1877 nisi
1113 1835 1181 1877 uno
1205 1820 1265 1878 aut

199 1938 301 2001 altero
325 1935 397 2001 loco
421 1937 649 2003 irmeuiantur.
676 1946 755 2002 sunt
780 1960 866 2023 quae
894 1978 929 1984 -·
957 1936 1140 2002 habilitatis
1164 1937 1263 2002 credo

200 2060 442 2146 breuitatisque
478 2083 578 2126 causa
612 2102 654 2108 —
690 2062 773 2126 adeo
809 2063 1064 2127 increbrescaut.
1104 2068 1140 2125 ut
1173 2067 1205 2125 et
1227 2062 1263 2125 in

199 2187 434 2269 quotidianum
460 2208 651 2251 sermonem
682 2188 876 2271 saepissime
902 2195 933 2252 ot
957 2188 991 2250 in
1017 2186 1188 2251 excultum
1212 2208 1264 2271 ge·

199 2332 263 2374 nus
288 2310 418 2375 dicendi
438 2311 636 2396 irrumpant.
671 2311 841 2376 Adolescit
856 2312 946 2376 enim
964 2311 1264 2395 corroboraturque

199 2455 322 2511 scrm03
349 2456 458 2519 neque
483 2436 524 2499 al>
549 2434 679 2499 erudito
705 2436 940 2501 tautummodo
963 2457 1085 2519 genere
1103 2435 1264 2499 orationis
1291 2467 1294 2470 ,

199 2559 411 2643 proficiscens
446 2566 596 2644 augetur,
634 2581 701 2643 quo
739 2559 871 2644 politior
907 2560 1168 2644 elegantiorque,
1205 2559 1264 2624 sed

199 2684 299 2748 etiam
324 2705 344 2747 a
368 2685 497 2766 uulgari
534 2707 656 2767 genero
692 2684 835 2762 dieemli
861 2706 928 2769 quo
959 2685 1093 2749 breuior
1117 2692 1149 2748 et
1173 2704 1264 2768 prae-

199 2808 325 2873 sentior
356 2810 399 2872 sit
433 2830 552 2873 serum.
601 2810 645 2873 llt
680 2831 813 2874 neccsse
845 2818 893 2874 est
917 2809 1024 2894 putidi
1050 2809 1263 2892 contortique

199 2933 403 3017 arripiantur
428 2933 521 2998 multi
556 2933 747 3018 explicandi
779 2934 879 2997 modi.
917 2935 944 2996 si
977 2935 1065 2998 lianc
1089 2933 1262 2998 notionem

198 3057 485 3141 breuiloquentiae
510 3059 674 3142 expellere
701 3059 853 3122 ueliurus

285 3183 371 3249 ¹Sed
395 3183 490 3247 facile
513 3182 719 3266 intelligitur.
754 3184 789 3245 in
813 3184 910 3248 certis
935 3182 1140 3267 ‹pnlmsdam
1164 3205 1261 3267 gene·

199 3307 290 3371 ribus
315 3308 557 3371 sententiarum
583 3307 682 3371 talem
711 3307 1015 3391 breuiloquentiam
1040 3308 1173 3392 saepius
1199 3328 1264 3373 usu

198 3432 340 3496 uenisse.
391 3432 489 3508 Quod
526 3434 560 3495 in
595 3433 644 3496 iis.
685 3432 725 3496 de
762 3433 885 3516 quibus
912 3433 1062 3516 agimus,
1088 3431 1263 3496 sententiis

198 3563 270 3620 tum
295 3556 508 3641 potissimum
533 3559 578 3626 fit
605 3558 631 3620 si
658 3556 813 3642 apodosis
837 3557 961 3620 ueritas
978 3557 1012 3620 in
1030 3557 1173 3620 ueritate
1190 3578 1263 3641 pro·

198 3681 277 3745 lasis
313 3682 376 3744 sita
411 3703 479 3744 non
515 3689 572 3745 est.
621 3682 695 3745 Hoc
731 3690 844 3745 autem
873 3681 913 3744 ‹le
938 3681 977 3745 iis
1004 3681 1148 3745 maxime
1174 3682 1264 3746 ualet

199 3805 390 3871 enuntiatis.
428 3805 485 3869 ubi
521 3813 578 3869 aut
615 3805 757 3890 protasis
782 3812 832 3870 est·
855 3807 1050 3870 concessina
1073 3814 1132 3869 aut
1156 3805 1260 3870 uerba

192 3953 285 4012 posse
309 3932 388 3995 nette
412 3933 519 3996 dclrcre
542 3929 708 3994 similiaue
729 3931 844 4015 (uerba
864 3929 1054 4016 «rnodolt'ual
1071 3931 1104 3993 in
1123 3929 1263 4014 apodosi

197 4055 356 4143 leguntur
379 4063 438 4120 aut
460 4056 490 4121 st‘
514 4056 686 4121 notionem
711 4055 811 4121 habet
835 4055 1018 4142 particulae
1042 4057 1070 4123 si
1094 4057 1184 4120 ruodo
