2924 5176
677 739 718 799 tto

605 924 676 982 impr.
697 923 768 982 impf.
788 924 872 982 ptusq.
893 923 977 981 ptusq.

164 1142 294 1225 impert.
321 1163 342 1204 c
360 1163 386 1222 p

164 1261 691 1384 1133431141133111114114244
787 1202 790 1385 4
884 1130 958 1384 424
886 1108 1012 1413 44
1054 1280 1193 1344 Plautus

163 1425 347 1511 plusqmpt'.
373 1369 797 1543 3111111414
689 1404 888 1528 4124124
961 1390 1230 1593 414431311111411

163 1569 347 1653 pinsqmpf.
375 1591 436 1650 up
592 1552 654 1683 4
690 1547 734 1670 4
788 1547 888 1670 48
938 1558 1010 1654 84

691 1631 987 1683 -.,-......-.-4-.4

271 1711 412 1773 Summa
472 1729 474 1733 ·
622 1712 665 1772 :34
719 1712 762 1773 42
818 1711 860 1772 24)
916 1711 958 1773 32

114 2008 116 2011 ·
165 1986 295 2070 imperi.
322 2009 384 2068 cp
424 1965 425 1968 Ἴ

163 2129 259 2212 impt'.
286 2152 316 2205 α
341 2127 526 2213 plusqmpi.
547 2134 593 2211 p}
641 2132 663 2192 4
999 1953 1214 2235 4431331133

163 2270 348 2355 plusqmpf.
375 2295 404 2348 c
433 2272 525 2356 impf-
504 2217 810 2424 spi—5*
841 2317 851 2334 ·.
984 2238 1060 2379 {49
1076 2272 1230 2354 exempla

72 2509 74 2511 Ι
164 2414 347 2497 plusqmpt'
373 2436 395 2478 c
410 2437 436 2494 p
591 2354 594 2528 4
808 2382 828 2386 -
984 2396 986 2407 ⁴

271 2555 412 2620 Summa
600 2524 662 2620 81
721 2558 762 2620 341
820 2558 859 2619 18
918 2557 991 2619 13’

271 2786 322 2849 Ex
347 2786 399 2850 his
422 2784 545 2851 tabulis
569 2787 667 2850 facile
691 2785 845 2853 cernitur,
872 2786 908 2851 in
925 2786 1048 2870 quibus
1065 2786 1227 2869 exemplis

165 2912 403 2996 imperfectum
427 2918 486 2976 aut
509 2913 882 2996 plusquamperfectum
897 2909 1104 2975 coniunctiui
1120 2911 1229 2995 legau-

164 3046 225 3100 tur.
252 3057 291 3100 ea
315 3037 420 3100 multo
448 3036 582 3120 saepius
611 3057 671 3120 pro
699 3035 892 3100 talmlarum
918 3055 1058 3098 1111111313
1083 3035 1228 3098 irmeniri

165 3161 253 3243 apud
279 3161 474 3224 Terentium
500 3182 603 3245 quam
628 3160 719 3244 apud
747 3159 915 3223 Plautum.

272 3283 368 3348 Blase
393 3285 482 3367 (uide
506 3307 608 3370 supra
631 3307 706 3369 pag.
733 3285 786 3367 m)
811 3283 983 3349 contendit
1006 3282 1158 3348 medium
1182 3283 1229 3346 in-

164 3413 214 3472 ter
249 3409 418 3473 (tenonis
450 3417 483 3474 et
506 3409 615 3473 Plauti
640 3409 803 3474 sermonis
829 3430 928 3472 usum
953 3409 1015 3472 hac
1039 3409 1075 3472 in
1099 3429 1134 3472 re
1158 3429 1229 3473 csse

164 3532 375 3610 Terentium3
401 3534 493 3619 quod
516 3533 738 3599 subductione
763 3534 979 3618 numerisque
1000 3534 1229 3598 demonstrare

165 3665 304 3723 conatus
328 3666 386 3723 est.
434 3656 529 3724 Haec
553 3666 666 3724 autem
691 3680 777 3743 quac
801 3667 942 3724 uocatur
965 3658 1126 3724 stetistica
1145 3659 1228 3723 ratio

164 3791 238 3847 tum
273 3789 322 3848 est
352 3783 630 3858 commendanda,
657 3785 684 3848 si
708 3805 808 3849 uerae
832 3785 921 3869 leges
945 3805 1152 3868 normaeque
1177 3784 1228 3884 de·

164 3916 250 3972 sunt.
299 3908 360 3973 Est
395 3910 486 3973 enim
522 3910 664 3975 deterior
699 3909 793 3975 ratio,
819 3931 888 3993 qua
918 3910 1051 3993 singula
1075 3908 1230 3994 exernpla

165 4055 383 4100 numeremus
418 4055 519 4119 quam
557 4056 625 4120 qua
658 4042 814 4100 naturam
837 4055 1023 4118 causasque
1047 4040 1228 4118 perscrute-

166 4179 255 4222 mur:
281 4159 337 4223 illa
360 4159 492 4224 casibus
517 4160 661 4224 fortuitis
686 4182 784 4245 saepe
809 4160 1018 4245 peruertitur.
1042 4155 1229 4224 4133333111-

164 4303 224 4366 per
259 4282 322 4346 sibi
347 4291 485 4353 constat,
511 4283 568 4348 illa
591 4284 625 4349 id
650 4284 741 4369 quod
766 4283 946 4370 probabile,
972 4284 1055 4349 haec
1079 4284 1112 4348 id
1138 4284 1229 4369 quod

166 4427 284 4470 uerum
320 4429 390 4472 3333
414 4409 549 4474 uidetur
572 4409 762 4494 inuestigat.
811 4410 899 4473 Tum
924 4408 952 4474 si
976 4409 1229 4475 ratiocinatione

165 4532 197 4595 id
233 4532 323 4616 quod
348 4533 520 4616 probabile
545 4540 594 4599 est
617 4534 777 4620 indagare
801 4535 968 4611 uolumus,
995 4534 1144 4598 maxima
1168 4534 1228 4598 sal-
