2924 5176
698 709 759 769 tta

199 884 254 949 ubi
291 883 383 949 nulle
430 885 494 948 alia
533 905 634 949 causa
673 883 825 949 subesset
864 884 928 947 nisi
966 883 1048 947 ordo
1094 883 1287 968 cogitatio-v

198 1032 279 1073 num
316 1016 475 1074 mutatus.
534 1011 646 1086 Quam
671 1008 848 1073 modorum
872 1009 1153 1092 permutationem
1183 1029 1263 1073 cunr

198 1135 324 1199 classici
359 1135 537 1220 scriptores
573 1135 670 1199 certis
695 1141 727 1198 et
758 1133 903 1198 definitis
938 1133 1068 1217 legibus
1104 1134 1174 1198 fere
1210 1132 1263 1201 de-

198 1260 399 1344 scripserint.
433 1259 525 1344 apud
557 1260 682 1343 priseos
718 1265 786 1323 tarn
823 1280 959 1323 seuerae
996 1261 1091 1342 leges
1121 1258 1263 1323 minime

198 1385 312 1448 ualent
370 1385 572 1469 Saepissime
607 1389 720 1448 autent
757 1383 1061 1468 breuiloquentianr
1102 1382 1153 1447 uel
1192 1383 1262 1446 bra-

198 1509 388 1593 chylogiam
425 1510 585 1586 effecisse,
624 1516 659 1573 ut
695 1509 758 1572 hoc
788 1508 888 1573 modo
912 1509 994 1573 ordo
1018 1508 1260 1573 sententiarum

198 1633 240 1697 ab
265 1633 368 1698 altero
392 1633 493 1698 modo
518 1634 559 1698 ad
584 1634 725 1698 alterurn
759 1635 923 1711 transiret,
957 1633 1040 1696 milri
1064 1653 1264 1718 persuasum

198 1765 256 1822 est.
305 1759 417 1834 Quam
442 1759 644 1822 sententiam
669 1780 746 1822 reum
771 1768 804 1823 et
824 1765 953 1822 ueteres
969 1755 1264 1842 grammaticiam·

201 1882 291 1967 plexi
328 1889 438 1947 essent
473 1890 505 1946 et
542 1882 636 1947 multi
667 1883 822 1966 doctique
846 1882 968 1946 horum
992 1890 1184 1966 tenu-rorum
1209 1880 1264 1944 ho-

198 2007 317 2083 mines
342 2028 420 2071 cunr
452 2007 506 2070 alii
537 2008 826 2092 impugnauerunt
849 2012 922 2071 tum
947 2006 1140 2090 nuperrime
1164 2004 1261 2070 lllase

197 2132 277 2212 (Der
314 2131 414 2217 Konj.
450 2132 508 2196 des
535 2131 622 2196 Prtis
648 2132 668 2195 i.
697 2132 798 2215 lep.
826 2134 876 2195 20.
904 2130 978 2215 il),
1004 2130 1050 2194 sic
1075 2151 1136 2193 sua
1160 2128 1264 2193 uerba

198 2262 313 2320 contra
337 2256 486 2339 liarrgeni
513 2255 768 2340 explicationem
787 2257 875 2319 laeta
891 2253 1109 2318 concludens:
1140 2281 1165 2317 <‹.
1184 2305 1188 2316 .
1206 2305 1211 2316 .
1227 2274 1263 2316 so

198 2381 279 2445 n’ird
303 2380 375 2444 hier
400 2401 464 2444 nur
487 2380 540 2443 dic
565 2379 629 2445 alte
655 2381 932 2464 Ellipsontlrcoric
950 2401 990 2443 au
1008 2399 1128 2442 neuem
1149 2376 1259 2441 lieben

198 2506 371 2570 erwecld».
420 2505 471 2569 Ad
498 2527 584 2589 <prae
610 2505 877 2569 animaduertere
902 2504 1021 2568 uelim:
1053 2504 1159 2566 fuisse
1183 2509 1264 2565 tem-

199 2651 288 2715 pora.
327 2629 450 2715 quibus
487 2629 611 2714 ellipsis
648 2628 811 2693 uocabulo
847 2639 917 2692 tarn
953 2628 1172 2693 eluderentur
1199 2625 1263 2690 uiri

200 2753 288 2818 docti
323 2754 359 2818 in
394 2755 549 2839 plurimis
583 2755 757 2818 structuris
782 2753 997 2838 explicandis
1024 2759 1062 2817 ut
1085 2729 1205 2816 merito¹
1228 2751 1260 2814 in

199 2877 384 2943 absurdum
409 2879 585 2944 deductam
618 2903 690 2943 esse
720 2881 807 2943 lianc
839 2880 928 2943 uiant
955 2879 1187 2961 rationemque
1212 2899 1264 2940 ox-

201 3003 389 3088 plicationis
414 3005 596 3077 crederent,
633 3007 688 3089 qui
725 3004 845 3068 deinde
869 3006 1068 3068 exsisterent
1090 3002 1163 3065 uiri.
1213 3001 1264 3063 Ex

200 3150 267 3212 quo
304 3150 381 3193 cum
417 3131 493 3193 ianr.
532 3136 569 3194 ut
605 3132 650 3207 tit,
688 3131 789 3193 nimis
813 3134 1025 3212 contemptus
1050 3127 1092 3190 sit
1115 3125 1179 3191 ille,
1205 3124 1264 3208 qui

202 3261 301 3318 antea
324 3254 517 3318 dominatus
542 3262 620 3318 erat.
640 3253 760 3318 modus
777 3251 1027 3337 interpretamli.
1047 3271 1147 3325 nunc,
1166 3249 1259 3334 quid-

202 3377 284 3462 quid
308 3379 485 3462 paululum
511 3379 637 3442 redolet
668 3377 765 3441 talem
802 3376 942 3460 ellipsin.
981 3384 1061 3439 sunt
1084 3374 1141 3458 qni
1167 3375 1265 3438 reler-

200 3501 330 3567 mident
365 3512 397 3566 et
432 3504 633 3567 horrescant.
683 3501 747 3565 Sed
779 3500 877 3565 credo
906 3501 940 3563 in
966 3501 1072 3584 prisca
1097 3507 1265 3582 contemp·

199 3633 301 3711 taque
325 3627 453 3690 ratione
478 3627 553 3711 plus
579 3649 650 3690 esse
675 3627 825 3689 ueritatis
850 3646 951 3708 <luam
974 3624 1065 3708 quod
1084 3644 1174 3687 nunc
1191 3644 1265 3687 con·

199 3751 316 3816 cedere
341 3752 479 3815 uolunt:
507 3773 573 3814 non
598 3752 653 3814 ita.
681 3760 714 3813 ut
733 3749 864 3833 ellipsin
884 3749 1062 3812 delondere
1080 3748 1190 3811 uelim.
1206 3746 1264 3811 sed

200 3883 237 3940 ut
260 3876 405 3947 credam,
445 3876 506 3938 lieo
542 3874 667 3962 ellipsis
704 3874 849 3950 nomine,
876 3895 943 3956 quo
968 3894 1087 3957 parurn
1112 3877 1265 3936 accurate

200 4000 408 4065 subtiliterue
444 4006 627 4074 uterentur,
665 4022 719 4061 eos
755 3998 844 4062 idern
877 4000 947 4061 tere
973 3997 1081 4060 dicere
1107 3995 1263 4071 noluisse,

200 4131 301 4209 atquc
319 4146 379 4189 nos
396 4125 499 4189 uerbo
515 4124 802 4207 lneuiloquentiae
815 4121 868 4185 uel
882 4121 1125 4205 braclrylogiae.
1152 4119 1265 4182 Huius

200 4256 314 4313 autem
338 4249 572 4331 braolrylopiae
597 4247 768 4311 notionem
790 4268 876 4309 eum.
908 4244 1032 4328 ellipsis
1061 4266 1183 4307 nomen
1212 4266 1267 4328 pa-

202 4381 327 4438 uentes.
355 4394 421 4436 non
449 4374 629 4456 patiantur,
661 4392 836 4456 perperam
862 4392 942 4434 sane
967 4375 1080 4453 agunt.
1132 4368 1175 4433 Ut
1200 4369 1218 4431 l.
1245 4367 1264 4431 l.

201 4498 307 4567 Blase.
356 4497 474 4587 Neque
510 4503 622 4561 tamen
659 4496 730 4588 ipse
766 4496 808 4559 al>
844 4496 907 4559 hac
943 4493 1174 4587 explicationis
1210 4492 1267 4563 uia
