2924 5176
704 690 765 753 lun

200 956 222 1041 ξ
241 959 289 1020 15.
321 957 376 1022 De
394 957 591 1039 particula
606 958 697 1022 nisi
714 957 968 1023 aduersatiua
984 957 1023 1022 ui
1039 959 1221 1040 praedita
1234 958 1265 1045 ¹).

308 1152 394 1216 Cum
418 1153 506 1216 inter
528 1152 594 1217 nisi
618 1160 649 1216 et
673 1153 709 1217 ni
732 1153 766 1216 111
792 1153 832 1217 iis
849 1153 1041 1230 enuntiatis,
1061 1153 1119 1218 ubi
1136 1154 1266 1219 ethaeo

201 1285 234 1342 et
259 1279 313 1341 illu
337 1278 501 1362 particula
526 1259 740 1363 usurpantur,
767 1277 851 1341 nihil
875 1278 1078 1342 discriminis
1103 1299 1173 1343 esse
1198 1279 1267 1343 iarn

202 1424 304 1486 supra
339 1403 408 1466 suis
439 1403 520 1467 loeis
544 1403 769 1488 exposuerim,
795 1404 828 1467 in
855 1404 1060 1488 quibusdam
1083 1406 1268 1469 conforma-

202 1526 349 1591 tionibus
374 1530 617 1593 sententiarum
641 1529 745 1592 ultera
761 1518 925 1612 particule
941 1551 1041 1592 suum
1059 1528 1268 1594 domicilium

201 1651 271 1715 solu
295 1651 358 1716 sibi
383 1654 594 1718 constituisse
619 1653 761 1717 uidetur.
810 1653 861 1717 Itu
876 1659 912 1718 111
927 1675 1005 1718 eum
1022 1654 1056 1717 in
1074 1652 1147 1718 aliis
1164 1675 1267 1718 enun-

204 1777 293 1841 tiatis
329 1799 469 1842 numero
505 1779 644 1843 inlerius
680 1780 731 1843 sit.
761 1779 933 1862 praeualet
955 1779 989 1842 in
1015 1780 1099 1843 tritis
1124 1780 1268 1863 uulgari·
1293 1799 1295 1802 ’

202 1901 333 1987 busque
369 1903 502 1968 dicendi
537 1903 715 1984 generibus
745 1904 1020 1988 sollennibusque
1044 1904 1079 1967 in
1104 1904 1265 1969 lormulis.

203 2027 249 2092 Ut
272 2029 337 2092 iam
365 2028 528 2093 Solnnuln.
556 2029 648 2112 Sunt.
674 2029 696 2114 ξ
720 2031 799 2094 303:
823 2032 888 2094 «Ni
904 2030 963 2093 hat
978 2029 1032 2094 bei
1049 2029 1113 2094 den
1131 2030 1267 2094 Sohrift

202 2152 335 2217 stellein
361 2153 419 2217 der
443 2153 531 2217 alten
557 2153 627 2217 und
652 2153 712 2218 der
736 2153 940 2218 klussisehen
965 2154 1037 2218 Zeit
1061 2155 1132 2218 sieb
1151 2155 1266 2219 beson-

202 2276 276 2341 ders
300 2278 335 2340 in
360 2278 518 2341 Formeln
543 2278 601 2341 der
624 2279 840 2363 juristisehen
861 2277 930 2353 und
948 2278 1102 2342 sakruleu
1120 2279 1267 2363 Spraehe

201 2401 360 2479 erlralten,
398 2401 506 2465 neben
531 2401 680 2466 welehen
704 2401 796 2466 daun
821 2402 908 2466 noch
932 2402 1080 2466 Phrusen
1106 2401 1165 2467 der
1188 2403 1266 2468 Um-

201 2527 451 2610 gangsspruehe
466 2579 471 2589 .
488 2577 515 2589 ..
552 2525 668 2609 heufig
699 2527 909 2610 angetroifen
941 2525 1104 2590 werden».
1153 2526 1207 2590 Sio
1230 2527 1266 2591 in

203 2651 393 2734 sponsionis
430 2649 592 2735 exemplis
628 2651 827 2734 partientem
852 2651 887 2714 ni
911 2650 1017 2714 solam
1042 2651 1195 2736 usurpari
1221 2653 1266 2715 ui-

201 2773 322 2840 dimus.

310 2902 397 2965 Sunt
420 2908 533 2965 autem
559 2902 643 2966 aliae
668 2901 842 2966 formulae.
870 2924 955 2986 quse
980 2901 1084 2966 solam
1109 2906 1172 2966 nisi
1195 2923 1266 2986 par-

201 3025 340 3090 ticulam
363 3026 560 3089 admittunt:
587 3027 674 3090 iuter
697 3048 781 3110 <luas
803 3026 885 3090 illud
903 3026 1036 3091 dicendi
1052 3047 1158 3112 genus
1176 3048 1266 3091 nune

199 3150 357 3224 tractabo,
385 3150 442 3215 ubi
466 3155 530 3215 nisi
554 3151 719 3234 particula
742 3151 956 3216 aduersatiua
979 3151 1015 3215 ui
1031 3150 1183 3236 praedita
1195 3172 1265 3216 esse

202 3275 352 3338 uidetur:
390 3297 470 3338 narn
501 3276 537 3338 nt
561 3276 724 3359 particula
747 3276 804 3340 tali
830 3277 929 3340 modo
953 3276 1104 3340 adhibita
1127 3298 1196 3340 non
1220 3277 1265 3340 in·

202 3400 337 3464 uenitur
361 3399 404 3484 (u.
430 3400 537 3483 infru).
586 3400 636 3464 ne
660 3401 723 3464 hon
753 3423 825 3479 usu,
851 3423 929 3465 oum
953 3400 1044 3484 apud
1068 3401 1266 3484 posteriores

201 3545 336 3608 (profluo
375 3523 465 3587 haud
505 3545 579 3587 raro
618 3525 836 3589 inueniuntur
874 3526 954 3589 talia
993 3525 1156 3609 exempla,
1198 3525 1265 3589 iam

200 3650 297 3713 nmlti
333 3648 439 3712 obiter
464 3649 678 3732 seripserunt,
704 3671 788 3733 <piros
817 3650 1029 3714 enumerauit
1056 3648 1263 3734 Sehrrraln⁹):

200 3774 382 3858 Landgraf.
412 3773 599 3861 llellmutb,
626 3761 756 3839 Bbekel.
783 3774 897 3838 Anton
921 3775 961 3838 el.
1010 3775 1128 3858 Neque
1152 3782 1265 3838 tomen

200 3899 233 3962 in
268 3898 511 3981 diligentiorem
539 3899 584 3962 rei
611 3900 904 3982 inuestigationem
929 3906 1165 3983 peruenerunt.
1215 3900 1265 3964 De

312 4061 328 4109 'l
346 4062 388 4111 De
417 4061 543 4127 ipsorum
574 4061 776 4126 particularum
807 4078 860 4113 usu
890 4063 943 4113 linc
973 4062 1064 4112 solum
1086 4061 1156 4112 mihi
1177 4066 1267 4113 restat

200 4151 385 4202 eurrirulum:
412 4167 477 4202 uam
497 4151 533 4201 de
552 4149 582 4199 ni
601 4151 776 4215 Brugmnnn,
796 4152 831 4203 de
851 4150 909 4202 sine
930 4153 959 4202 (¹.
980 4152 1009 4202 F.
1030 4152 1063 4202 V.
1084 4151 1187 4202 Muller
1206 4150 1266 4202 dili-

199 4245 299 4302 genter
319 4240 488 4304 egregieque
509 4240 739 4306 disputauerunt,
759 4241 854 4304 (etiarn
875 4241 951 4306 upud
972 4239 1162 4304 Tessingimn,
1185 4243 1265 4305 synt.

199 4330 299 4393 Plaut,
320 4331 452 4394 exempla
472 4334 608 4394 congesta
627 4335 703 4394 sunt,
723 4346 894 4394 quamquam
915 4329 1118 4393 indiligenter)-
1156 4327 1266 4379 Dentri

198 4417 222 4468 si
242 4418 270 4468 in
292 4419 368 4469 (ealce
388 4419 452 4470 libri
472 4420 571 4484 paneis
591 4420 687 4471 uerbis
707 4419 869 4484 disputabo,

308 4506 328 4570 ²)
348 4508 514 4558 Zeitschrift
533 4509 579 4558 li'n·
599 4508 650 4559 dns
671 4508 938 4574 (lymnasialu'esen
958 4525 983 4573 p.
1006 4507 1064 4559 102.

1141 4615 1157 4665 b
