2924 5176
518 682 540 767 ξ
564 684 592 746 2.
640 682 696 748 De
724 683 938 765 promissis.

302 905 388 969 Cum
412 906 452 970 iis
477 905 667 975 enuntiatis,
695 904 817 988 quibus
834 905 947 969 minae
964 905 1088 973 insunt,
1107 903 1259 988 proxime

199 1031 385 1116 comparari
410 1037 552 1115 possunt
575 1051 622 1099 00,
649 1051 735 1113 quae
759 1029 924 1114 promissa
948 1028 1129 1093 continent.
1178 1027 1256 1103 Qui-

199 1153 261 1219 bus
285 1161 398 1219 tamen
423 1162 493 1218 tam
517 1159 626 1219 certae
650 1161 681 1218 et
706 1154 862 1219 definitae
878 1153 967 1237 leges
983 1160 1175 1236 temporum
1192 1173 1260 1216 non

200 1280 315 1344 ualent
339 1299 440 1362 quam
464 1277 539 1342 illis.
587 1279 676 1342 Nam
699 1279 754 1343 hic
778 1280 931 1343 futurum
957 1284 990 1343 et
1016 1295 1173 1362 praesens
1189 1297 1262 1361 pro-

116 1428 119 1432 ·
198 1403 325 1467 misene
360 1403 429 1467 iere
464 1402 619 1488 usurpari
654 1403 821 1469 uidentur.
870 1403 913 1467 Et
946 1423 985 1467 ea
1008 1402 1131 1486 regula.
1158 1422 1262 1485 quam

200 1533 343 1592 statuere
378 1526 452 1591 uult
487 1526 714 1592 Rodenbuseh
734 1527 764 1612 ¹),
801 1533 839 1591 ut
872 1526 981 1592 facilis
1005 1547 1085 1591 sane
1110 1534 1142 1591 et
1166 1548 1262 1612 expe-

201 1652 271 1716 dita
295 1658 352 1720 est,
378 1651 426 1715 110
449 1651 548 1715 latius
573 1658 665 1735 patet
688 1652 863 1736 magisque
887 1658 936 1716 est
959 1652 1085 1716 incerta
1105 1673 1210 1736 quam
1225 1659 1264 1716 ut

203 1776 303 1841 ullius
327 1775 370 1840 ad
395 1796 466 1840 rem
496 1775 730 1860 explicandam
767 1777 928 1840 momenti
954 1776 1004 1840 sit.
1053 1776 1135 1840 Eius
1159 1775 1263 1840 uerba

200 1901 282 1965 haec
317 1906 412 1965 sunt:
453 1899 625 1964 «Alterum
659 1921 766 1984 genus
801 1901 864 1966 hoc
900 1906 958 1977 ost,
984 1906 1022 1964 ut
1044 1921 1202 1985 praesens
1226 1901 1262 1964 in

200 2025 327 2110 protasi
349 2031 496 2110 ponatur
519 2046 558 2089 ea
582 2024 623 2089 de
647 2045 756 2097 causa,
783 2031 821 2090 ut
845 2025 955 2089 minus
983 2025 1018 2088 in
1035 2026 1163 2089 ratione
1183 2032 1263 2088 tem-

115 2161 117 2165 '
203 2149 309 2235 001011
344 2171 448 2234 quam
482 2149 518 2213 in
553 2148 749 2214 condicione
784 2151 858 2234 ipsa
892 2149 1051 2234 ponderis
1075 2148 1176 2213 situm
1202 2149 1261 2227 sit;

201 2275 292 2359 quod
316 2273 486 2358 quomodo
510 2273 552 2337 sit
575 2272 822 2357 explicandum.
849 2274 927 2338 inde
951 2281 1098 2358 apparet,
1120 2272 1211 2357 quod
1228 2272 1262 2336 in

203 2398 370 2482 praesenti
395 2397 507 2461 minus
531 2397 696 2461 rationem
720 2398 938 2483 temporalem
963 2397 1091 2462 elucere
1103 2396 1261 2474 uidimus,

202 2523 259 2588 sed
297 2521 423 2586 nudam
460 2521 556 2605 quasi
588 2521 754 2586 actionem
779 2521 953 2605 temporali
977 2521 1113 2586 notione
1137 2523 1264 2587 exsolu-

202 2655 303 2712 tam».
352 2647 416 2712 Sed
440 2646 524 2730 quid
547 2646 609 2711 sibi
635 2645 717 2712 uelit
740 2645 796 2711 1110
816 2647 919 2710 «00110
937 2647 1111 2731 temporali
1128 2647 1264 2712 notione

202 2773 383 2847 exsoluta»,
409 2778 442 2837 et
465 2793 533 2855 quo
558 2772 657 2835 modo
684 2794 724 2836 ex
748 2770 910 2855 exemplis
935 2770 976 2834 ab
1001 2792 1039 2835 eo
1063 2771 1170 2835 allatis
1194 2793 1264 2856 per-

201 2897 284 2981 spici
308 2897 414 2981 possit
439 2897 584 2961 «nudam
610 2897 707 2980 quasi
731 2897 916 2961 actionem»
945 2895 990 2959 ibi
1015 2896 1148 2960 ualere?
1177 2903 1264 2960 certe

202 3043 270 3086 non
294 3021 360 3086 alia
384 3043 418 3086 re
442 3043 543 3105 quam
569 3021 642 3105 ipso
666 3020 722 3084 1110
746 3028 896 3105 ternpore
920 3021 1103 3107 praesenti!
1144 3020 1265 3085 Nonne

202 3147 303 3231 igitur
333 3147 387 3210 hic
422 3153 471 3211 est
506 3147 542 3212 is.
580 3147 639 3230 qui
674 3146 710 3208 in
742 3145 849 3230 logica
873 3148 1019 3211 uocatur.
1044 3146 1189 3210 circulus
1213 3145 1264 3210 de-

203 3271 436 3337 monstrandi?
484 3271 575 3347 Quin
611 3271 710 3335 etiam
747 3270 774 3335 si
809 3271 883 3354 ipsa
914 3270 1068 3353 exempla
1091 3292 1112 3334 a
1135 3270 1264 3334 1101100-

203 3396 342 3461 buschio
370 3395 470 3460 011010
500 3395 687 3460 accuratius
721 3395 902 3460 examines,
933 3395 1028 3458 facile
1053 3394 1166 3458 uidere
1189 3393 1266 3459 licet

203 3542 304 3605 quam
342 3519 477 3584 incertis
512 3519 691 3604 dubiisque
727 3519 851 3584 finibus
887 3540 957 3583 rem
982 3518 1263 3583 determinanerit.
1290 3595 1291 3599 Ἰ

203 3645 289 3710 Nam
326 3665 404 3709 cum
440 3643 506 3708 duo
544 3665 705 3728 «genera»
743 3643 898 3721 attulerit,
934 3643 991 3707 ubi
1024 3656 1181 3728 praesens
1205 3664 1265 3727 pro

203 3772 313 3834 futero
327 3776 513 3853 poneretur.
533 3789 690 3833 «unum».
705 3768 824 3852 inquit.
843 3789 968 3852 «genus
984 3767 1157 3832 inuenitur
1174 3768 1265 3832 durn-

203 3900 296 3958 taxat
330 3893 365 3955 in
401 3893 524 3976 protasi
552 3893 718 3977 negatiua,
757 3894 783 3957 si
820 3892 996 3957 celeritatis
1027 3891 1266 3976 significandae

316 4134 334 4199 ¹)
352 4135 369 4186 1.
390 4134 406 4186 l.
427 4150 489 4200 pag.
510 4133 551 4185 to.
