2924 5176
707 335 750 396 24

200 513 293 597 Oapt.
319 515 393 577 604.
441 515 587 594 Nataque
616 514 732 594 edepol,
756 515 784 577 si
807 513 926 576 adbites
944 515 1089 594 propius,
1115 534 1147 576 as
1170 512 1262 581 deaa-

487 640 570 702 sabit
593 639 649 701 tihi
670 637 843 702 Maedicae.

199 762 293 827 Cura.
319 764 393 828 569.
445 763 494 827 Ta
518 761 663 846 auferere
686 763 760 826 hiae
783 785 804 826 a
827 783 874 826 me
897 764 925 825 si
943 781 1055 843 perpes
1077 761 1157 824 mila

441 887 532 952 Maie
555 887 639 968 leam
656 887 808 969 profecta.

199 1010 293 1075 Cure.
319 1012 401 1106 571,
440 1012 544 1093 Atque
567 1011 674 1092 edepol
699 1032 762 1075 aaa
786 1013 965 1092 mimitatur,
989 1011 1044 1074 sed
1066 1010 1154 1090 daha,

443 1138 480 1200 Si
497 1157 610 1218 perpes
632 1135 776 1200 molestus
799 1156 869 1200 esse.

198 1259 318 1325 Pseud.
346 1262 439 1325 1173.
491 1259 714 1325 Contumeliam
739 1262 767 1324 si
791 1261 882 1342 diaes
907 1260 1024 1324 audies.

472 1384 536 1469 [An
560 1384 658 1449 'dieis’
682 1383 809 1468 potius:
835 1382 984 1468 Ritsehlp

198 1509 295 1573 True.
322 1510 396 1574 876.
445 1510 482 1573 Si
505 1509 640 1592 auferes
665 1531 686 1572 a
710 1509 806 1572 utilite
830 1512 929 1572 oreimis
952 1515 1015 1571 tam
1037 1530 1106 1588 spes
1122 1510 1263 1572 ariimam

501 1633 664 1713 efflaaerit.

259 1757 406 1842 i'ariseres
423 1757 569 1838 paeram'
594 1756 705 1836 codd.;
731 1757 852 1841 'aufers
869 1756 1015 1837 paeram’
1040 1753 1201 1839 Bothiuei.

197 1882 270 1946 Ter.
296 1881 430 1947 Phorm.
457 1882 530 1945 aaa.
581 1883 618 1945 Si
652 1903 739 1946 eram
773 1881 970 1945 insimulabis
999 1881 1151 1961 malitiae,
1181 1881 1264 1973 areale

629 2008 748 2070 audies,

494 2131 544 2194 uf.
570 2130 674 2194 Andr.
701 2131 774 2194 920.
800 2129 887 2193 Eun.
916 2131 964 2192 18.

298 2256 368 2325 ,Pro
393 2256 506 2319 futuro
530 2255 546 2318 Ι
570 2253 688 2319 eadem
704 2256 775 2319 iere
792 2253 1034 2338 signifieatioue
1052 2253 1151 2317 etiam
1170 2275 1261 2338 prae-

198 2401 273 2444 sens
307 2380 461 2464 usurpari
497 2386 631 2463 potest,
665 2377 730 2442 Sed
765 2383 904 2462 apparet
938 2377 1003 2441 alio
1034 2376 1135 2441 modo
1159 2376 1261 2462 expli·

197 2503 345 2567 eandum
380 2524 450 2568 esse
486 2504 650 2567 futurum.
687 2502 752 2566 alio
782 2523 949 2587 praesens,
974 2501 1021 2565 ita
1045 2509 1083 2565 ut
1105 2503 1258 2585 protasia

199 2648 277 2693 cum
301 2627 455 2692 futurum
479 2627 687 2703 adhibeatur,
713 2627 755 2690 ad
780 2627 934 2690 futurum
957 2626 1104 2690 maxime
1125 2633 1259 2710 tempus

199 2759 334 2836 spectet,
360 2773 438 2816 mun
462 2773 619 2837 praeseus
644 2757 833 2835 usurpetur.
860 2749 902 2814 ad
927 2770 966 2814 ea
982 2772 1069 2834 quae
1085 2750 1154 2814 iam
1171 2751 1261 2815 faeta

197 2876 264 2940 sint
288 2883 347 2941 aut
369 2876 452 2940 fiunt
475 2883 609 2960 spectet.

303 3001 478 3065 Interdum
513 3001 549 3062 in
581 3000 633 3064 his
668 3000 853 3084 praesentis
889 2999 1051 3082 exemplis
1079 2999 1132 3063 uis
1156 3020 1260 3083 prope

197 3124 339 3189 causalis
374 3125 410 3189 in
444 3124 608 3209 particula
639 3124 669 3189 si
702 3124 811 3189 inesse
846 3123 988 3188 uidetur.
1036 3124 1087 3188 Ita
1110 3123 1146 3186 in
1170 3123 1258 3187 Meu.
1338 3127 1342 3144 ‘

201 3251 294 3314 1121.

305 3376 342 3439 a·
365 3375 555 3457 interpellem
580 3397 632 3456 epa
657 3377 768 3456 tacebo,
792 3372 882 3457 <prod
900 3372 989 3436 idem
1005 3373 1076 3437 iere
1093 3379 1143 3436 est
1159 3378 1260 3455 atque
1278 3364 1280 3368 ’

197 3499 287 3583 quod
312 3520 373 3563 nos
398 3498 521 3563 suetiae
546 3497 704 3562 dicimus:

242 3623 323 3707 jasir„
349 3623 499 3707 atbryter
523 3622 568 3686 du
595 3622 663 3706 mig
687 3620 771 3686 skall
793 3621 852 3705 jag
875 3620 944 3704 tiga
967 3619 1019 3706 (ei.
1046 3621 1107 3684 Ad.
1137 3620 1220 3704 127).

303 3748 507 3831 Plerumque
531 3746 674 3811 uerbum
698 3745 860 3831 pergendi
883 3745 919 3808 in
936 3745 1061 3830 protasi
1077 3744 1257 3809 inuenitur.

199 3872 296 3958 [conr.
323 3893 425 3956 supra
449 3871 489 3936 de
512 3872 628 3935 futuro
652 3870 688 3956 11

197 3997 298 4064 Bash.
323 3998 397 4062 570.
445 3997 614 4078 Postrema,
646 4000 674 4061 si
698 3999 807 4078 perpis
832 3995 1074 4077 parietariam·
1088 3996 1187 4082 sidem
1211 4016 1259 4061 ar·

498 4123 655 4207 bimaita,
