2924 5176
711 353 775 413 lot

207 525 326 591 seriem
351 533 570 611 tenoremque
594 528 834 610 cogitationum
860 551 927 593 non
952 539 1020 594 tom
1045 539 1198 596 accurate
1219 531 1262 594 ob
1305 560 1307 565 ·

206 659 363 716 seruaret.
412 651 504 727 Quin
539 652 629 736 apud
665 653 813 718 scenicos
849 653 1035 739 scriptores
1066 663 1102 719 ut
1126 676 1269 739 quorum

206 797 397 849 sermonem
425 797 527 860 quam
552 776 723 841 celerrime
748 779 850 842 fluere
874 786 907 843 et
930 800 1090 864 responsa
1114 779 1272 845 incitatis-

206 899 289 964 sime
325 899 419 965 reddi
454 922 553 986 saepe
589 902 727 979 intersit,
764 909 904 987 apparet
927 902 1096 968 interdum
1121 904 1273 969 membra

206 1025 459 1102 sententiarum,
485 1047 572 1110 quae
596 1025 709 1090 animo
726 1025 835 1090 audiri
853 1027 991 1111 possint,
1009 1027 1134 1112 optime
1151 1028 1269 1092 omitti.

313 1149 379 1213 Eas
396 1150 578 1214 sententias
595 1149 852 1226 condicionales
870 1172 956 1235 quae
974 1140 1164 1217 decurtatae
1182 1159 1270 1229 sunt,

205 1273 332 1338 induo
355 1295 480 1359 genera
507 1269 682 1359 dispertire
706 1274 800 1339 licet:

316 1398 345 1484 1)
370 1399 437 1463 Eae
473 1399 666 1476 sententiae,
704 1421 790 1483 quae
824 1407 857 1465 et
879 1400 1027 1485 protasin
1054 1409 1086 1465 et
1108 1401 1272 1484 apodosin

205 1522 322 1606 plenas
353 1524 568 1608 integrasque
593 1523 716 1588 habere
740 1523 907 1592 uidentur.
935 1546 1052 1589 reuera
1076 1533 1189 1589 autem
1214 1526 1271 1590 tali

207 1647 307 1711 modo
342 1648 430 1712 inter
460 1670 494 1711 se
519 1647 706 1712 cohaerent.
733 1656 770 1712 nt
793 1649 961 1713 audienda
986 1649 1029 1714 sit
1051 1649 1117 1713 alia
1141 1658 1272 1715 senten-

206 1770 261 1848 tia,
288 1792 356 1854 qua
380 1773 573 1836 restituatur
597 1771 698 1836 series
721 1773 972 1856 cogitationum.

312 1896 344 1982 2)
367 1896 436 1961 Eae
460 1896 653 1973 sententiae,
680 1917 766 1980 quae
791 1897 954 1982 epodosin
978 1898 1185 1962 decurtatam
1211 1906 1270 1963 aut

204 2042 341 2106 prorsus
365 2021 525 2085 omissam
549 2020 684 2085 habent.

313 2146 341 2229 1)
366 2147 416 2210 De
438 2146 479 2210 iis
504 2145 696 2221 enuntiatis,
723 2168 866 2230 quorum
892 2146 1047 2231 apodosis
1072 2153 1103 2211 et
1125 2149 1268 2231 protasis

203 2269 250 2333 ita
285 2269 483 2334 coniunctae
519 2277 606 2346 sunt,
632 2277 670 2334 ut
693 2270 821 2354 aliquid
845 2271 1052 2335 audiendum
1077 2272 1120 2335 sit
1143 2273 1267 2349 animo,

202 2395 271 2458 iam
295 2416 397 2480 supra
421 2393 606 2457 maximam
622 2403 750 2479 partem
770 2395 974 2460 mentionem
992 2396 1147 2461 fecimus,
1180 2396 1268 2461 Nam

203 2524 235 2582 et
270 2519 393 2583 multas
429 2540 554 2595 earum,
592 2517 715 2602 quibus
740 2519 849 2584 finalis
883 2521 935 2584 uis
959 2519 1118 2597 subesset,
1145 2529 1178 2585 et
1202 2542 1266 2598 eas,

203 2663 290 2727 (prae
325 2644 542 2728 sponsionem
578 2643 795 2710 continerent.
833 2645 891 2709 tali
927 2645 1026 2710 modo
1051 2645 1268 2731 explicandas

203 2789 283 2845 essea
321 2768 391 2833 suis
426 2767 505 2832 locis
541 2767 716 2832 ostendere
740 2776 880 2833 conatus
908 2790 992 2834 sum.
1042 2754 1107 2834 Eas
1132 2792 1267 2854 quoque

203 2893 394 2967 sententias
429 2891 487 2956 ubi
510 2892 539 2956 ci
556 2922 596 2945 =
614 2893 644 2956 si
667 2896 756 2957 modo
781 2901 838 2969 est,
865 2894 981 2958 eadem
1006 2895 1134 2959 ratione
1158 2895 1268 2979 expla-

201 3015 331 3081 nandas
356 3038 426 3081 esse
451 3038 491 3081 ex
516 3037 565 3094 eo,
591 3015 682 3101 quod
706 3037 808 3102 supra
824 3019 856 3103 (ς’
870 3018 900 3101 o)
918 3018 1099 3103 disputem,
1117 3025 1265 3112 apparet

309 3141 395 3205 Sunt
419 3141 519 3205 etiam
544 3140 803 3220 enuntiationes
829 3141 886 3206 ubi
911 3143 980 3206 uim
1005 3143 1069 3207 asi
1085 3143 1267 3227 particulae

201 3266 336 3330 notione
360 3267 499 3330 onnrino
523 3264 667 3329 alienam
692 3265 790 3330 facile
814 3267 930 3331 credas
954 3267 988 3330 in
1010 3287 1049 3330 ea
1064 3266 1183 3343 inesse,
1201 3268 1266 3331 nisi

200 3389 356 3455 obseruas
380 3390 482 3454 talem
498 3391 700 3454 sententiam
718 3412 776 3474 per
792 3391 1096 3474 breuiloquentiarn
1112 3412 1265 3476 suppres-

200 3535 272 3578 sam
297 3535 377 3579 esse.
425 3514 528 3578 Uelnt
556 3535 663 3598 paene
688 3516 903 3579 consecutiua
927 3515 1170 3599 significatione
1196 3537 1265 3600 par-

199 3639 302 3703 ticula
325 3640 354 3704 si
377 3639 528 3723 praedita
552 3660 623 3703 esse
649 3639 783 3703 uidetur
806 3639 873 3702 Mil.
900 3642 981 3702 nott:

201 3763 311 3829 Rotam
334 3764 405 3827 tote
428 3786 475 3827 rae
498 3763 654 3828 Iro-minem
678 3786 742 3828 esec
766 3765 902 3829 omnium
928 3763 1061 3828 creincort
1078 3765 1190 3846 protei.

202 3888 239 3952 St
262 3910 314 3970 epo
338 3910 385 3952 rae
408 3887 521 3952 sciente
539 3894 669 3968 paterer
691 3889 798 3954 cicino
822 3911 885 3953 roeo

199 4013 284 4076 Eum
299 4012 377 4096 fieri
400 4013 488 4093 opud
510 4035 557 4078 rae
581 4019 646 4076 torn
669 4012 820 4095 insipattc
843 4013 1024 4079 iniurium?

199 4133 257 4199 ubi
280 4143 356 4222 post
379 4157 516 4203 uersum
540 4138 604 4200 ooo
629 4137 759 4220 (Ratae
781 4137 870 4203 istic.
885 4191 889 4201 .
905 4140 928 4224 .)
944 4136 1081 4205 auditur
1096 4138 1159 4204 hoc
1176 4140 1262 4206 tere:
