2924 5176
740 372 779 438 18

225 552 267 616 ab
291 574 355 617 usn
386 552 492 638 ipsius
524 541 676 617 auctoris
692 560 725 615 et
748 573 768 615 a
792 550 988 615 condicione
1013 557 1200 633 naturaque
1225 571 1287 613 ser-

225 677 335 742 monis
368 675 632 743 commendatur.
682 676 728 740 Ut
764 696 814 740 res
847 697 882 740 se
912 675 1014 739 habet
1043 675 1077 738 in
1102 674 1165 739 hae
1190 695 1287 760 quae·

225 802 342 880 stione,
379 802 420 867 de
453 824 521 887 qua
555 823 646 865 nunc
679 801 820 885 agimus,
871 800 956 863 Nam
988 800 1015 863 si
1044 820 1119 863 cum
1144 799 1286 863 aliarum

226 927 430 1011 linguarum,
455 933 529 990 tum
553 927 676 990 latinae
701 925 898 1009 inspicimus
923 924 1096 1007 originem,
1121 924 1218 988 facile
1242 945 1288 986 re-

226 1053 385 1136 perimus,
410 1051 507 1115 initio
530 1051 618 1114 inter
642 1071 676 1114 se
700 1050 746 1115 ita
770 1070 938 1114 connexas
963 1072 1034 1114 esse
1051 1049 1200 1133 singulas
1217 1070 1287 1112 sen-

224 1169 354 1243 tentias,
381 1183 418 1240 ut
441 1176 506 1240 alia
529 1175 623 1238 iuxta
643 1175 744 1238 aliam
766 1182 945 1258 poneretur
962 1181 994 1239 et
1006 1194 1123 1238 omnes
1137 1173 1288 1238 eiusdem

224 1301 354 1365 ordinis
378 1305 497 1365 essent.
535 1300 595 1363 Sin
611 1306 724 1363 autern
741 1298 956 1364 classicorum
973 1298 1172 1384 scriptorum
1188 1318 1288 1361 usum

224 1425 440 1509 rationesque
465 1411 726 1499 consideramus
755 1423 820 1486 alio
838 1423 938 1488 modo
954 1424 1042 1488 iuter
1058 1445 1092 1487 se
1109 1423 1289 1487 coniuncta

225 1569 296 1613 esse
334 1549 508 1613 enuntiata
532 1548 744 1633 'reperimus3
781 1568 859 1611 nam
896 1554 933 1612 ut
968 1547 1117 1631 quidque
1149 1546 1288 1610 minoris

225 1673 388 1738 momenti
412 1679 470 1755 est,
488 1671 711 1755 subiungitur.
730 1693 798 1755 qno
816 1673 922 1756 magis
939 1672 1028 1736 orbis
1045 1644 1287 1736 sententiarum

225 1798 413 1862 cohaereat.
463 1796 527 1861 Sed
552 1804 692 1880 apparet
707 1797 807 1860 talem
825 1796 860 1860 in
876 1797 988 1860 uerbis
1004 1796 1184 1881 iungendis
1201 1816 1287 1859 com·

224 1923 446 1987 mutationem
471 1943 540 1985 non
563 1927 700 2006 repente
725 1921 778 1984 uel
803 1942 871 1984 uno
896 1921 1024 2006 impetu
1048 1922 1172 1985 lactain
1203 1941 1285 1998 esse,

224 2048 282 2113 sed
307 2047 458 2124 subinde,
485 2054 584 2130 prout
616 2045 770 2109 homines
806 2024 1029 2129 intelligerent
1053 2045 1095 2110 ad
1120 2045 1287 2110 concinni-

225 2180 328 2237 tatem
354 2171 626 2236 enuntiationum
660 2169 703 2234 ad
739 2169 1028 2254 pulchritudinern'
1050 2169 1217 2236 orationis.
1244 2170 1287 2234 ad

225 2296 429 2360 sententiam
459 2294 624 2359 su'btiliter
647 2294 889 2379 perspicueque
921 2293 1156 2359 declarandam
1188 2294 1287 2378 pluri·

224 2442 318 2484 mum
353 2419 465 2483 ualere
500 2419 592 2482 illam
628 2418 960 2502 comprehensionem
997 2425 1030 2482 et
1060 2402 1288 2504 circumscrip-

225 2543 352 2609 tionem
376 2543 565 2608 uerborum.
614 2541 659 2606 At
674 2543 762 2606 inter
778 2563 969 2608 sermonem
986 2542 1201 2608 classicorum
1217 2550 1287 2608 arte

224 2665 447 2754 compositum
483 2674 516 2732 et
550 2665 864 2750 antiquissimorum
893 2667 1120 2732 'rudissimum
1139 2667 1287 2732 'medius

224 2799 294 2869 erat
317 2790 427 2856 Plauti
449 2790 484 2856 ’11
507 2791 654 2855 Terentii
679 2811 797 2869 sermo
824 2797 856 2855 et
880 2792 988 2874 prisco
1001 2799 1196 2868 remanente
1212 2813 1285 2870 usu,

224 2924 256 2982 et
280 2937 369 2981 nouo
394 2915 553 3000 loquendi
577 2936 698 2998 genere
723 2915 818 2999 quasi
843 2915 1011 2980 affluente.
1052 2915 1105 2980 Ad
1126 2895 1216 3000 qnod
1233 2915 1287 2980 ad-

225 3041 372 3106 dendum
399 3047 456 3109 est,
482 3038 613 3104 fabulas
643 3045 833 3103 nostrorum
867 3048 1052 3124 poetarum,
1078 3040 1203 3126 quippe
1228 3040 1286 3125 qui

224 3188 276 3230 res
301 3166 399 3250 quasi
423 3186 440 3228 e
464 3145 700 3248 turba'populi
727 3163 896 3228 inferioris
921 3172 1079 3248 peterent,
1096 3165 1194 3230 etiam
1214 3185 1286 3249 pro·

224 3290 300 3374 pius
335 3288 377 3352 ad
414 3287 645 3353 condicionem
682 3287 870 3371 quotidiani
905 3289 1067 3353 sermonis
1098 3289 1285 3354 accessisse.

225 3409 339 3488 Quare
361 3412 453 3476 haud
478 3413 610 3478 mirum.
637 3412 662 3476 si
688 3412 731 3475 ad
747 3434 848 3477 usum
866 3421 898 3477 et
914 3414 1045 3497 regulas
1063 3413 1285 3497 posteriorum

224 3545 412 3621 temporum
432 3558 550 3600 norma
566 3537 701 3621 liuguae
714 3537 884 3621 plautinae
897 3536 1037 3602 minime
1053 3538 1153 3602 statui
1168 3543 1284 3621 potest.

332 3661 366 3728 Si
403 3660 445 3724 ad
479 3661 569 3745 ipsas
605 3660 853 3725 enuntiationes
892 3661 1286 3727 condicionales-interro

225 3782 406 3870 rogatiuas
440 3784 481 3848 de
517 3783 640 3867 quitum
677 3784 796 3869 agitur,
833 3785 920 3850 hanc
959 3787 1285 3869 argumentationem

172 3949 177 3959 ·
224 3908 528 3986 accommodamus,
547 3917 687 3994 apparet
704 3908 804 3974 talem
821 3910 889 3974 lere
903 3910 1170 3994 progressionem
1182 3911 1283 3976 huius

224 4055 305 4100 usus
329 4033 454 4097 fuisse:
