2924 5176
714 636 754 697 73

208 816 277 873 satu
301 810 389 874 atich
412 833 497 895 ganz
522 811 575 876 die
600 811 802 896 Bedeutung
828 812 920 876 eines
944 811 1130 877 indirecten
1152 812 1271 896 Frage-

208 914 337 998 satnes'.
358 988 363 999 .
384 963 409 998 .»
438 935 589 1002 Ktihner.
610 936 722 1001 Grani.
742 937 774 1000 ll
789 939 812 1021 ξ
828 938 901 1002 219.
920 939 956 1000 2:
976 936 1104 1001 Hieran
1117 935 1269 1001 schliesst

208 1059 278 1123 sich
303 1059 363 1123 der
385 1060 478 1124 nicht
502 1059 626 1126 seltene
640 1061 818 1125 Gebrauch
834 1082 902 1125 von
917 1066 946 1125 si
962 1067 1041 1125 statt
1057 1060 1148 1125 eines
1170 1060 1269 1145 Frag-

208 1190 334 1251 wortes,
361 1183 421 1262 wie
445 1184 492 1247 im
517 1184 757 1249 Griechischen
780 1205 866 1268 gana
890 1185 1101 1269 gewithnlich
1118 1182 1143 1247 εἰ
1160 1184 1208 1249 als
1222 1184 1269 1248 in-

208 1308 352 1373 direktcs
380 1309 551 1392 Fragwort
585 1309 671 1373 nach
708 1309 773 1374 den
811 1309 944 1374 Verben
969 1310 1027 1374 des
1051 1295 1267 1394 liberlegens

208 1433 364 1518 Fragens,
392 1433 605 1498 Versuchens
634 1456 665 1497 ιι.
684 1455 708 1498 s.
727 1457 764 1498 w.
783 1433 969 1519 gebraucht
985 1433 1074 1500 uird.
1094 1432 1165 1497 und
1181 1433 1269 1497 auch

206 1558 254 1621 im
279 1557 454 1622 Deutchen
478 1579 568 1623 rocon
591 1557 663 1622 und
687 1562 722 1624 ob
746 1558 891 1625 vielfach
913 1558 974 1622 mit
990 1557 1151 1622 einander
1166 1557 1269 1622 wech-

207 1682 308 1747 seln».
346 1682 523 1767 (Exempla
547 1704 634 1766 quae
658 1682 750 1767 apud
773 1683 983 1768 Draegerum
1007 1689 1040 1746 et
1062 1682 1267 1747 Kiihnerum

206 1809 415 1899 afferuntur..
429 1807 641 1872 obseruanda
674 1808 799 1893 suntl);
838 1808 917 1872 Brix
949 1807 992 1871 ad
1023 1806 1114 1870 Trin.
1142 1808 1205 1871 763
1230 1807 1268 1871 St

207 1931 303 1996 =ob
329 1931 388 1996 wie
413 1954 443 1996 u.
470 1933 543 1998 532.
578 1935 650 2001 748,
684 1934 758 2000 959.
789 1932 882 2018 Oapt.
908 1934 960 2000 28.
989 1933 1059 2009 100,
1086 1930 1154 1995 Mil.
1184 1932 1267 1996 1207

205 2078 236 2120 u.
263 2066 302 2135 o.;
329 2056 491 2122 Schmalz.
519 2057 611 2142 Synt.
637 2062 659 2140 g
683 2059 757 2122 2123.

310 2181 470 2246 Attamen
495 2183 560 2245 iam
586 2183 714 2247 Becker
729 2182 790 2267 (De
807 2182 948 2267 Syntaxi
966 2181 1267 2265 interrogationum

203 2305 418 2391 obliquarum
443 2327 517 2390 pag.
546 2307 618 2391 lm)
644 2328 760 2371 ueram
789 2284 953 2371 rationem
976 2283 1153 2390 indagasse
1178 2304 1265 2369 uide·

205 2437 267 2494 tur.
316 2431 383 2506 Qui
408 2430 554 2514 scripsit:
595 2431 768 2514 «Denique
797 2431 969 2495 monensi
993 2428 1202 2514 particulam.
1229 2435 1266 2493 ut

203 2554 345 2621 uidetur.
372 2554 462 2638 apud
487 2554 643 2618 Plautum
670 2561 702 2619 et
717 2555 911 2619 Terentium
931 2553 1084 2618 nondum
1099 2554 1267 2638 integram

201 2678 460 2763 interrogatiuae
497 2679 679 2763 particulae
716 2681 784 2743 uim
823 2686 953 2743 nactam
980 2700 1060 2746 esse.
1087 2676 1145 2743 sed
1169 2678 1266 2762 parti·

202 2803 295 2881 culae
319 2803 559 2868 condicionalis
595 2811 750 2868 naturam
781 2812 882 2887 atque
906 2804 1080 2867 notionem
1104 2823 1144 2866 ex
1170 2810 1264 2886 parte

201 2928 386 2993 retinuisse.
436 2929 474 2992 Iu
499 2921 670 2992 nonnullis
695 2929 784 2992 enim
810 2927 972 3011 exemplis
993 2926 1197 2990 indicatiuus
1215 2948 1265 2990 oc·

202 3053 311 3117 currit.
350 3054 385 3116 in
413 3053 587 3136 ‹pribus‘si
613 3059 710 3137 pocta
733 3051 897 3136 particula
919 3071 998 3116 uere
1023 3051 1264 3134 interrogatiua

200 3198 288 3241 usus
306 3184 399 3252 esset.
427 3177 663 3241 coniunctiuus
689 3178 925 3261 flagitaretur».
970 3193 972 3196 ’

306 3302 393 3366 Τιιιιι
421 3301 569 3365 Blasium
587 3300 639 3384 (de
656 3299 834 3365 modorum
851 3306 1131 3384 temporumque.
1149 3354 1153 3363 .
1171 3321 1261 3384 ,per-

201 3426 393 3490 mutatione
419 3447 494 3510 pag.
521 3425 574 3510 22)
599 3426 661 3489 hac
685 3425 726 3489 de
751 3446 786 3489 re
810 3425 979 3490 dubitasse
1003 3430 1152 3509 apparet.
1179 3445 1260 3488 curn

199 3551 415 3616 contenderit.
453 3572 623 3634 nusquam
659 3549 751 3613 illam
798 3551 1074 3632 interrogatiuanr
1120 3549 1191 3613 uim
1228 3549 1264 3611 in

200 3675 364 3758 particula
387 3677 415 3739 si
439 3677 555 3740 inesse.
586 3674 650 3738 nisi
675 3675 748 3758 ipsa
772 3674 983 3738 enuntiatum
1009 3673 1193 3757 principale
1217 3693 1263 3736 se·
1353 3728 1357 3735 .

200 3808 367 3884 queretur.
416 3800 526 3875 Quam
564 3799 764 3863 sententiam
802 3798 922 3862 falsam
958 3819 1029 3862 esse
1064 3796 1262 3861 concludere

199 3923 275 3989 licet
298 3946 339 3989 ex
364 3923 538 3988 collatione
574 3923 815 4007 exemplorum.
854 3944 940 4006 <prae
969 3928 1001 3986 et
1025 3920 1176 3985 eiusdem
1200 3922 1262 4006 sig-

198 4049 399 4113 nificationis
423 4054 502 4112 sunt
526 4055 558 4112 et
581 4068 717 4132 prorsus
741 4047 873 4123 similia,
900 4046 965 4110 nisi
986 4045 1077 4131 quod
1094 4046 1263 4130 praecedit

199 4172 334 4237 alterins
360 4173 509 4257 protasis,
536 4171 674 4237 alterius
698 4173 857 4257 sequitur.
896 4170 942 4237 Ut
966 4171 1001 4234 in
1018 4171 1069 4234 his
1087 4191 1173 4256 quae
1190 4192 1261 4257 pas-

198 4299 262 4364 sim
286 4297 515 4362 inueniuntur.
