2924 5176
702 688 742 750 s?

297 864 448 949 Apparet
471 886 603 948 semper
626 864 661 926 in
685 864 725 927 iis
751 864 941 942 enuntiatis,
968 864 1025 927 ubi
1042 863 1184 929 causalis
1203 865 1254 927 uis

190 990 308 1066 ualeat,
334 988 619 1053 indic-atinum
645 989 810 1072 usurpari,
836 963 916 1052 nam
940 989 982 1052 ad
1007 988 1108 1053 talem
1133 988 1255 1072 signiri-

194 1113 358 1177 cationem
395 1122 468 1176 tum
503 1113 631 1177 accedit
665 1114 815 1197 protasis
848 1113 875 1176 si
900 1114 1011 1197 potius
1037 1135 1104 1177 rem
1132 1114 1255 1177 factam

189 1236 417 1322 (Thatsachell
437 1258 538 1320 quam
558 1237 789 1300 condicionem
806 1238 962 1301 continet.
1004 1237 1116 1312 Quare
1134 1238 1255 1302 rectius

189 1362 328 1425 fortasse
360 1369 410 1426 est
443 1361 560 1433 dicere
593 1361 619 1423 si
645 1361 881 1426 coniunctiuus
905 1360 940 1424 in
965 1361 1090 1445 protasi
1114 1361 1253 1447 legatur,

188 1485 251 1549 hac
283 1485 357 1569 ipsa
392 1507 425 1548 re
461 1484 630 1569 consequi.
659 1491 695 1548 ut
718 1484 860 1549 causalis
886 1486 937 1549 uis
960 1486 996 1548 iu
1021 1485 1146 1570 protasi
1170 1508 1253 1550 nou

190 1610 303 1673 insit.

296 1732 334 1796 ld
370 1754 505 1816 quoque
541 1739 633 1817 patet
667 1740 930 1818 promptumque
966 1741 1023 1798 est.
1061 1755 1193 1818 semper
1217 1735 1253 1820 in

189 1856 384 1921 huiusmodi
408 1858 589 1922 enuntiatis
613 1856 900 1922 condicionalibus
924 1858 964 1922 (le
983 1880 1030 1924 ec.
1050 1858 1141 1942 quod
1158 1881 1253 1942 nege·
1301 1840 1305 1846 ⁸

187 1986 250 2049 tur.
287 1981 323 2044 si
347 2002 429 2045 nou
453 1982 618 2066 usurpari.
666 1983 752 2066 Nam
778 2003 818 2046 ex
844 1983 917 2066 ipsa
940 1983 974 2047 ui
999 2003 1131 2066 usuque
1155 1985 1254 2067 parti·

187 2105 281 2169 culae
316 2106 381 2170 nist
414 2106 513 2170 facile
547 2106 755 2190 intelligitur,
792 2106 1058 2191 haudquaquam
1084 2107 1254 2172 causalem

186 2229 468 2313 significationem
492 2231 528 2294 in
552 2251 591 2294 ea
614 2232 723 2296 inesse
748 2252 854 2315 posse.

293 2353 467 2418 Interdum
493 2356 658 2438 (praedam
680 2355 862 2439 particulae
883 2357 918 2419 in
935 2356 1074 2440 apodcsi
1090 2377 1252 2440 usurpan-

186 2487 247 2545 tur,
274 2478 398 2561 quibus
422 2480 474 2543 uls
499 2481 640 2549 causalis
665 2479 807 2564 protasis
832 2481 928 2563 quasi
953 2480 1185 2544 confirmetur:

184 2603 300 2685 initur:
334 2603 425 2666 Triu.
464 2605 537 2680 979,
575 2603 672 2688 Epid.
712 2606 783 2673 116,
817 2603 912 2669 Most.
946 2607 1018 2668 (537.
1054 2605 1140 2672 Men.
1179 2608 1249 2682 199,

399 2728 486 2793 Men.
512 2731 587 2802 534,
616 2731 710 2793 1028.

184 2875 235 2917 ro:
263 2853 363 2917 POelr.
393 2855 486 2928 1194,

184 2999 272 3058 erpo:
298 2978 395 3044 llerc.
434 2979 498 3040 994
533 2979 621 3061 (quin
652 3001 724 3061 rino
756 2986 976 3043 connumeras
1003 2979 1031 3042 si
1055 2979 1152 3060 aldea,
1178 2978 1248 3042 cod.

397 3102 460 3165 FZ.
496 3111 540 3167 set
574 3110 608 3167 at
642 3104 731 3168 rudes
755 3104 863 3168 ceteri.
897 3105 999 3167 (loeta
1028 3126 1098 3186 erpo
1125 3103 1247 3180 omisit,

399 3228 530 3310 lluyetc
554 3233 588 3291 et
611 3227 730 3291 Bctliio
755 3226 917 3312 ducibus).

291 3351 341 3414 Rc
375 3350 445 3434 ipsa
483 3351 688 3435 intelligitur,
724 3352 880 3436 possein
912 3353 1050 3436 apodosi
1083 3352 1147 3417 tale
1180 3374 1250 3417 ucr-

184 3473 266 3537 bum
289 3474 445 3544 inueuiri,
464 3496 573 3559 neque
590 3474 664 3540 ideo
681 3476 847 3540 causalem
866 3498 937 3540 esse
954 3476 1113 3560 protasin.
1151 3476 1250 3541 Uelut

184 3598 308 3683 Amph.
335 3600 399 3662 299

290 3724 342 3788 sia
366 3724 458 3788 aliter
481 3723 561 3787 sirici
585 3725 720 3788 attinenti
744 3748 841 3805 recquc
865 3727 936 3805 (leat
959 3747 1039 3806 princ
1056 3730 1155 3808 petat,

293 3851 363 3913 Sese
386 3848 487 3930 ipitrrr
503 3870 626 3912 suntme
642 3849 677 3912 ui
695 3848 835 3930 eritisque
851 3871 956 3914 corana
973 3850 1120 3929 oppidum
1136 3872 1249 3933 oppun-

343 3995 477 4037 ausser.

184 4096 241 4161 ubi
265 4098 365 4181 initur
389 4119 460 4163 asse
485 4098 685 4163 uertendum
709 4105 849 4185 apparet
872 4101 924 4181 aa,
949 4099 961 4162 i
984 4103 1021 4163 sci
1038 4100 1116 4185 sicli.
