2924 5176
742 370 784 430 ui

231 545 323 609 Asin.
348 547 423 608 nto.
474 546 547 609 *Van
579 544 686 626 rnepni
711 545 827 623 pendo:
852 568 891 609 nc
914 545 990 609 decii.
1015 545 1044 609 sa'
1067 568 1129 610 aron
1155 547 1225 610 nou
1251 546 1298 610 sic

511 674 579 734 siae
602 671 710 733 aiere.

235 794 332 859 Bacn
359 799 411 856 tar.
461 795 521 857 nn>
544 795 666 875 quidem
691 795 773 858 Ionan
797 795 942 860 cedant:
965 795 1072 858 nans
1091 801 1122 858 tu
1139 795 1297 877 adsumis

511 920 539 982 si
563 942 624 982 nen
649 920 737 983 Iubet

232 1044 332 1108 Baoh.
359 1049 410 1108 etr
460 1044 544 1108 Sine
572 1081 613 1088 -
640 1044 716 1107 Sino
740 1046 890 1126 epinicion,
915 1045 943 1107 si.
967 1046 1056 1110 iuba.

232 1169 329 1254 Epiri.
355 1171 429 1232 aaa.
478 1171 569 1233 Haec
593 1174 685 1249 rrepnt
702 1193 733 1232 sn
749 1176 836 1232 nicer
852 1192 914 1234 esse
929 1175 1068 1234 inatrenr.
1088 1206 1130 1214 -
1147 1171 1196 1232 Ne
1205 1170 1296 1253 friat,

481 1295 518 1358 Si
541 1316 605 1358 nae
631 1296 700 1357 noli.

231 1419 325 1483 Most.
355 1421 427 1483 ita
476 1420 530 1483 Aa
545 1427 647 1483 turrea
663 1419 817 1499 inspicere
834 1421 905 1484 nult.
925 1458 964 1465 -—
984 1420 1150 1502 Inanciet,
1163 1419 1192 1483 sc'
1203 1420 1293 1483 triber.

232 1545 319 1608 Men.
349 1545 440 1606 1028.
491 1543 544 1607 sn
567 1545 635 1607 siae
658 1545 766 1624 witru,
790 1544 819 1606 si
843 1564 939 1626 nepas
955 1551 1036 1607 laone
1055 1565 1188 1620 incesse,
1207 1543 1297 1607 abire

541 1669 679 1731 liberum.

338 1792 444 1855 Multa
468 1791 661 1854 huiusmodi
686 1790 840 1875 exempla
863 1792 974 1855 afferri
998 1799 1154 1876 possuut;
1181 1798 1296 1856 tamen

230 1939 306 1982 cuni
331 1918 477 2001 pluriina
502 1916 581 1980 talia
604 1917 679 1981 sint.
707 1924 743 1980 ut
760 1916 801 1981 de
817 1916 942 1981 causali
958 1917 1002 1983 ui.
1022 1916 1159 2000 quaein
1178 1938 1295 1981 eorum

229 2043 353 2128 protasi
379 2042 466 2120 insit
499 2042 621 2106 sentire
645 2042 751 2127 possit
775 2041 864 2125 quod
890 2042 1034 2124 ‹prisqne
1058 2041 1148 2113 neiit,
1173 2063 1295 2126 operae

230 2168 375 2252 pretium
399 2188 467 2229 non
492 2175 541 2230 cst
564 2167 678 2230 oninia
702 2167 832 2242 afferre,
858 2167 1054 2250 praesertim
1070 2166 1294 2230 cuinrniniini

230 2292 391 2356 momenti
422 2290 472 2354 sit.
499 2312 601 2373 <proin
630 2290 671 2354 ad
696 2289 836 2354 inoduin
864 2311 902 2354 ea
929 2291 1195 2375 interpretemur.

337 2417 419 2480 Prae
455 2415 572 2480 ceteris
597 2415 790 2480 auriotancla
814 2423 893 2480 sunt
917 2438 955 2480 ea
979 2415 1142 2500 exempla,
1169 2415 1294 2500 quibus

229 2540 350 2624 aliquis
386 2540 489 2605 uerba
524 2541 660 2605 alterins
696 2541 793 2624 quasi
823 2562 903 2604 uera
935 2541 1009 2616 sint,
1036 2540 1148 2617 sumit,
1174 2547 1212 2604 ut
1234 2547 1294 2604 aut

228 2687 306 2729 euni
330 2666 440 2729 facere
464 2665 579 2730 iubeat
601 2666 635 2729 iu
660 2666 759 2749 (prod.
786 2667 814 2730 si
839 2687 919 2730 uera
943 2667 986 2729 sit
1009 2666 1164 2749 sumptio,
1192 2666 1219 2729 ei
1245 2666 1292 2728 fa-

228 2789 385 2853 cienduni
421 2811 493 2855 esse
529 2798 697 2875 appareat,
735 2798 794 2854 aut
827 2790 987 2866 hortetur,
1013 2798 1050 2853 ut
1073 2789 1292 2873 interroganti

228 2915 433 2999 respondens
469 2937 544 2979 earn
576 2937 646 2979 reni
672 2915 824 2999 explicet,
850 2937 936 2999 qnae
961 2937 1029 2998 cpio
1053 2913 1153 2978 inodo
1177 2935 1212 2977 se
1237 2915 1290 2999 lra-

228 3038 313 3115 beat,
339 3039 365 3102 si
391 3041 538 3124 sumptio
564 3061 643 3103 uera
668 3039 719 3115 sit,
744 3039 882 3130 oninino
899 3061 967 3103 non
984 3039 1170 3122 intelligere
1186 3039 1293 3123 possit

227 3165 255 3227 is
279 3164 337 3246 qui
362 3164 519 3248 lupritur.
568 3164 638 3227 lllic
662 3202 705 3210 --
729 3163 787 3227 ubi
812 3165 934 3229 dicitur
949 3164 978 3228 ei
996 3162 1078 3248 quid
1095 3162 1291 3228 iaciendum

162 3318 164 3322 ·
227 3309 300 3352 esse
336 3328 378 3335 —-
413 3311 481 3352 non
517 3296 587 3353 tani
619 3289 659 3353 ‹le
695 3289 834 3352 ueritate
860 3289 1000 3372 protasis
1025 3287 1206 3365 dubitatur,
1232 3288 1289 3352 sed

227 3413 440 3477 contenditur
464 3452 505 3458 -
531 3413 698 3477 nita-‹nnn
724 3414 848 3478 ironice
881 3451 912 3489 —‚
940 3434 1017 3478 euni
1041 3413 1104 3477 hoc
1128 3419 1187 3476 aut
1208 3412 1290 3476 illud

226 3538 337 3601 faeere
362 3544 513 3620 oportere
537 3537 587 3622 (a)
613 3536 667 3601 hic
692 3538 750 3602 ubi
767 3539 908 3602 alterurn
926 3538 1085 3601 hortatur.
1104 3545 1142 3600 ut
1157 3558 1290 3621 respon·

226 3660 304 3724 deat
339 3683 407 3744 quo
440 3661 540 3726 niodo
565 3662 678 3745 aliqua
702 3683 753 3725 res
778 3684 813 3726 se
837 3662 967 3739 habeat,
993 3661 1021 3725 si
1045 3662 1186 3746 protasis
1210 3682 1290 3726 uera

226 3786 276 3862 sit,
315 3808 355 3850 ex
390 3786 479 3850 illins
515 3786 556 3851 de
592 3788 653 3851 hac
685 3809 720 3851 re
744 3787 920 3852 inscientia
943 3787 1140 3852 concludere
1165 3785 1289 3850 uultis

227 3911 285 3994 qui
310 3911 459 3995 loquitur
481 3912 628 3996 protasio
656 3933 771 3977 nerarn
796 3933 865 3976 non
889 3933 961 3976 esse
985 3911 1037 3996 (b)

225 4035 256 4120 a)
280 4037 353 4099 Cas.
380 4039 453 4099 284.
505 4037 599 4118 Qrcin,
624 4037 652 4101 si
675 4038 722 4101 en
745 4038 913 4119 minnere,
939 4036 1053 4100 enrittis
1076 4059 1123 4100 ine
1146 4038 1269 4100 rnerrn?
