2924 5176
733 345 774 406 74

443 517 563 586 Ulcera.
589 526 617 585 si
642 522 763 585 deiciet.

436 645 465 709 si
478 647 609 728 domist,
635 646 747 710 cisum.

438 768 475 834 Si
499 772 577 851 quid
599 771 659 850 ets,
684 772 808 851 impera

435 895 568 978 impero,
593 895 621 959 tr‘
645 895 722 976 quid
748 895 807 959 ur'a
873 913 876 918 ·

330 1016 439 1082 lrmno
472 1039 552 1083 uero
582 1018 667 1083 nihil
698 1017 796 1083 credo
819 1018 988 1096 interesse,
1014 1025 1129 1082 utrum
1155 1026 1290 1102 praeeat

223 1162 268 1205 an
293 1148 453 1225 sequatur
476 1143 628 1227 protasis.
676 1144 722 1207 At
745 1149 861 1211 contra
888 1144 1089 1207 sententiam
1114 1142 1289 1227 uulgatum

223 1264 306 1329 mihi
330 1265 468 1350 quidem
492 1288 692 1351 persuasum
717 1274 774 1344 est
801 1266 893 1332 nullo
917 1266 988 1331 loco
1012 1266 1104 1351 apud
1127 1266 1288 1331 Plautum

224 1389 344 1454 saltem·
365 1390 510 1454 inueniri
535 1391 735 1475 particulam
759 1392 788 1456 st
811 1390 1054 1476 significatione
1067 1389 1289 1455 condicionali

224 1535 360 1598 prorsus
395 1521 532 1586 exutam
567 1522 600 1580 et
634 1517 772 1579 omnino
808 1515 925 1580 eadem
949 1516 984 1579 ui
1008 1514 1196 1600 praeditam
1221 1535 1289 1599 qua

224 1636 424 1722 particulam
458 1659 537 1703 uere
572 1639 861 1723 interrogatiuam.
909 1639 1009 1715 Quod
1045 1645 1082 1703 ut
1106 1637 1286 1714 crederem,

224 1761 349 1826 multae
373 1784 452 1827 sane
477 1785 531 1829 me
555 1785 676 1829 causae
701 1771 889 1830 mouerunt.

329 1886 482 1977 Primum
521 1888 863 1954 animaduertendum
905 1897 962 1958 est,
1006 1910 1178 1972 nusquam
1212 1894 1289 1972 post

155 2082 157 2085 .
223 2010 327 2075 uerba
350 2012 490 2094 rogandi
514 2014 669 2098 usurpari
693 2016 875 2088 11311111.
926 2013 1003 2078 Uno
1027 2013 1098 2078 loco
1123 2018 1199 2097 post
1222 2011 1288 2076 tale

37 2200 40 2209 Α
125 2193 128 2198 .
223 2135 366 2200 uerbum
401 2141 430 2200 ei
465 2139 627 2223 particula
663 2138 836 2202 inuenitur
865 2138 964 2202 Mero.
991 2140 1052 2201 941
1080 2138 1194 2220 Repeto
1217 2137 1289 2218 puis

223 2281 292 2324 cent
315 2263 465 2337 coemit,
483 2263 984 2343 1118111111,3111111111111111111.
1028 2262 1092 2327 Ubi
1115 2261 1202 2326 inter
1217 2283 1287 2325 uer·

224 2383 305 2446 bum
330 2384 471 2467 rogandi
495 2391 525 2449 et
555 2386 821 2457 enuntiationem
846 2408 867 2450 a
889 2387 918 2451 si
942 2385 1105 2472 particula
1129 2385 1287 2470 incipien-
1365 2398 1367 2402 “

223 2514 289 2572 tem
326 2508 504 2573 intercedit
533 2531 611 2574 uere
646 2511 895 2596 interrogatiua,
931 2531 1017 2594 quac
1041 2533 1061 2575 a
1084 2509 1285 2595 pronomine

223 2633 295 2714 quis
317 2633 443 2718 incipit,
471 2635 645 2702 sententia.
679 2643 715 2699 ut
751 2635 808 2700 illa
831 2635 1069 2700 condicionalis
1094 2656 1110 2698 e
1136 2633 1287 2698 similitu·

224 2755 302 2821 dine
326 2778 442 2822 eorum
466 2759 707 2844 exermrlorum,
738 2781 824 2844 quae
856 2781 930 2843 pag.
963 2761 1003 2823 12
1036 2758 1142 2834 attuli,
1171 2758 1283 2843 (Poen.

227 2882 319 2947 1063.
346 2882 447 2946 Stich.
477 2886 533 2946 151
562 2885 635 2969 cet.)
661 2883 861 2968 explicanda
884 2885 927 2948 sit
953 2883 1107 2964 (sueticez
1144 2884 1204 2968 jag
1225 2883 1286 2945 na-

222 3026 283 3090 gar
306 3006 406 3070 hvem
432 3028 504 3071 som
530 3008 671 3073 boittort
693 3009 804 3072 henne
828 3009 878 3071 lor
895 3008 961 3072 den
978 3007 1137 3072 handelse
1154 3013 1203 3070 att
1218 3006 1286 3070 han

223 3129 330 3195 skulle
354 3130 456 3196 helva
480 3132 556 3196 hert
579 3132 649 3210 det3
676 3133 758 3197 haec
783 3140 898 3197 contra
922 3132 1129 3215 llssingium.
1157 3153 1188 3201 u,
1215 3132 1286 3195 eius

223 3253 265 3318 ad
291 3255 322 3318 h.
348 3255 367 3318 l.
398 3255 487 3332 adn.)

330 3379 459 3444 Deinde
478 3381 730 3445 obseruandum
754 3388 810 3447 est.
837 3383 962 3466 ubique
987 3391 1062 3467 post
1086 3380 1190 3444 uerba
1214 3401 1284 3444 sen-

223 3503 336 3580 tiendi,
374 3503 574 3582 declarandi,
612 3505 802 3589 imperandi
837 3505 1059 3571 indicaturum
1094 3506 1129 3569 in
1161 3505 1285 3588 protasi

223 3627 368 3692 inueniri
392 3651 470 3692 cuin
503 3630 538 3692 in
573 3629 647 3693 aliis
672 3629 834 3712 exemplis
859 3637 930 3694 tum
955 3630 990 3693 in
1014 3631 1063 3699 iis,
1089 3629 1149 3694 ubi
1172 3647 1284 3693 secun-

223 3750 305 3815 dum
329 3773 427 3816 usmn
453 3752 563 3818 Plauti
588 3761 621 3818 et
644 3754 800 3821 Terentii.
830 3755 858 3818 si
882 3777 916 3818 re
940 3775 1021 3819 uera
1044 3760 1131 3818 esset
1154 3761 1284 3817 senten·

223 3875 270 3939 tia
293 3877 541 3961 interrogatiua.
579 3879 815 3942 coniunctiuus
851 3885 1041 3962 poneretur.
1090 3878 1136 3943 Ut
1159 3877 1286 3942 Becker

223 4001 258 4062 in
282 3999 366 4065 libro
391 4002 652 4086 supralaudato
683 4002 939 4087 diligentissime
964 4002 1116 4066 ostendit.
1166 4002 1285 4086 Neque

223 4125 424 4199 arbitremur
458 4133 588 4211 oportet
622 4149 702 4191 casu
734 4128 937 4222 fortuitoque
961 4127 997 4191 in
1021 4133 1113 4191 tanta
1137 4126 1285 4197 multitu-
