2924 5176
693 675 735 733 iti)

185 851 389 935 disputatur:
421 849 461 914 dc
487 850 658 934 particulis
682 855 717 915 ai
741 858 773 914 et
795 857 833 928 si,
859 872 945 935 ‹prae
970 850 1249 934 significationem

185 996 320 1060 prorsus
345 975 547 1039 contrariam
583 975 621 1044 ei,
659 997 727 1059 qna
763 974 933 1060 praeditae
957 995 1028 1039 esse
1053 974 1168 1042 solent.
1186 975 1250 1039 'ha-

185 1099 263 1165 bere
287 1099 454 1176 uidentur,
480 1107 513 1165 et
536 1099 577 1164 de
601 1099 709 1164 modis
734 1100 884 1180 protasis.

292 1225 341 1290 lle
377 1245 441 1288 usu
477 1225 718 1309 particularum
752 1229 788 1288 ai
822 1231 855 1289 et
889 1229 917 1289 si
952 1225 986 1288 in
1011 1225 1063 1290 his
1088 1224 1249 1310 exemplis

186 1349 338 1434 quaestio
374 1356 424 1414 est
458 1348 664 1427 difficillima,
701 1349 865 1414 dissensio
890 1351 1047 1414 maxima.
1097 1349 1196 1427 Quod
1221 1350 1248 1414 si

186 1473 367 1538 sententias
392 1474 543 1538 uirorum
575 1473 747 1538 doctorum
785 1473 980 1558 diligentius
1004 1475 1246 1540 examinamus.

183 1597 406 1682 intirnamque
442 1599 477 1661 in
508 1598 610 1662 huius
645 1599 690 1662 rei
725 1597 988 1683 disputationem
1021 1599 1186 1664 uenirrurs,
1213 1621 1249 1663 re

188 1743 269 1787 uera
303 1724 410 1808 magis
446 1723 533 1787 inter
567 1745 602 1787 se
637 1730 828 1808 congruunt
862 1745 967 1808 quarn
996 1725 1105 1809 primo
1129 1723 1247 1788 obtutu

186 1846 435 1912 crediderimus.
485 1847 573 1911 Nam
597 1848 624 1912 si
648 1869 668 1912 a
692 1848 817 1913 Kelleri
845 1849 1011 1913 sententia
1034 1847 1246 1914 disoedinurs,

186 1972 245 2056 qui
269 1977 304 2038 nt
327 1973 471 2036 lorrnarn
504 1974 721 2038 uetustiorem
755 1993 826 2037 esse
851 1995 911 2058 pro
934 1996 973 2038 ne
998 2012 1036 2020 -
1063 1974 1250 2058 quaelicet

186 2096 268 2160 alias
292 2096 335 2162 ob
359 2117 477 2162 causas
501 2104 538 2161 ut
562 2096 762 2162 defendatur
785 2099 855 2162 fieri
879 2099 994 2182 possit.
1021 2099 1055 2161 in
1080 2119 1120 2163 ea
1144 2120 1178 2162 re
1202 2099 1249 2162 in·

185 2223 338 2286 tinuatur
361 2229 462 2306 atque
487 2223 693 2306 infringitur,
718 2223 809 2306 <prod
834 2223 881 2287 sio
906 2223 1045 2287 nrininre
1061 2223 1247 2308 explicatur

184 2367 265 2411 usus
290 2346 472 2431 particulae
505 2347 650 2429 si,cu1n
683 2348 827 2412 rationes
851 2348 1089 2432 particularum
1115 2353 1150 2413 ai
1173 2355 1206 2413 et
1220 2353 1249 2414 si

186 2471 240 2534 hio
276 2472 362 2536 inter
397 2491 431 2535 se
467 2472 513 2534 ita
547 2471 723 2536 cohaerere
748 2472 899 2543 debeant,
925 2480 963 2537 ut
985 2475 1012 2537 si
1038 2473 1126 2538 illius
1151 2473 1247 2559 parti-

185 2595 280 2660 culae
305 2618 405 2660 usrun
430 2596 598 2681 explanes,
625 2618 664 2661 eo
687 2597 761 2682 ipso
784 2599 886 2682 huius
911 2619 1045 2684 quopre
1070 2621 1168 2664 usuru
1194 2620 1247 2664 ex-

183 2722 359 2805 planatum
394 2742 465 2786 esse
500 2729 651 2806 oporteat
669 2724 689 2807 ¹)
715 2746 766 2786 -z
791 2731 918 2788 restant
941 2723 1027 2788 duae
1052 2725 1244 2789 sententiae.

184 2868 271 2930 puae
297 2867 506 2930 quamquain
523 2847 609 2911 inter
625 2867 660 2911 se
676 2868 812 2931 prorsus
828 2849 1013 2912 contrariae
1037 2848 1244 2914 uidentur.

182 2979 295 3035 tamen
328 2971 375 3036 ita
405 2991 520 3056 reapse
556 2979 756 3056 congruunt
794 2981 831 3036 ut
865 2973 893 3035 si
929 2993 984 3036 eas
1019 2974 1153 3058 penitus
1178 2995 1246 3058 per-

183 3097 400 3181 spexerimus.
434 3117 503 3160 una
538 3096 724 3182 eademque
748 3097 979 3181 explicationis
1006 3099 1061 3162 uia
1085 3119 1156 3162 esse
1182 3121 1247 3163 cor-

184 3227 291 3289 natur,
328 3243 415 3306 quaro
451 3221 593 3287 diuersis
628 3221 863 3286 tanturnrnodo
899 3222 1085 3287 rationibus
1109 3224 1244 3287 nitatur.

184 3343 297 3409 Altera
320 3345 497 3428 explicatio
521 3345 563 3410 ab
588 3347 659 3410 eius
684 3349 741 3431 qui
767 3355 906 3431 proucat
925 3348 1052 3411 ratione
1070 3347 1242 3432 proticisci·

183 3475 254 3534 tur:
279 3490 355 3535 cunr
392 3473 484 3536 eninr
519 3473 668 3556 protasia
699 3472 726 3536 is
760 3473 943 3556 eloquatur.
969 3473 1073 3537 ruenti
1098 3473 1169 3537 eius
1193 3472 1246 3536 ob·

183 3595 308 3659 uersari
332 3595 482 3680 pignoris
506 3595 731 3660 arnissionenr.
780 3597 834 3660 Sic
859 3597 921 3661 sub
945 3596 1002 3661 illa
1020 3597 1164 3662 tornurla
1176 3600 1245 3681 pip-

181 3742 242 3784 nas
257 3721 299 3786 do
315 3720 512 3804 intelligitur
528 3729 559 3784 et
576 3722 671 3805 (prasi
690 3721 985 3805 conrprehernlitur
1000 3721 1093 3786 aliud
1110 3744 1245 3807 «propre

184 3850 285 3929 atque
322 3846 394 3930 ipsa
430 3845 533 3910 uerba
568 3846 759 3929 significant
783 3846 845 3910 uol.
872 3868 949 3910 curn
974 3845 1031 3910 illa
1055 3847 1245 3931 sponsionis

182 3968 285 4033 uerba
309 3971 533 4054 proteruntur.
569 3970 659 4034 aliud
689 3980 765 4035 aute
791 3979 937 4035 rnentern
964 3971 1034 4036 eius
1059 3971 1245 4056 (1111111111-

293 4129 310 4195 ¹)
328 4132 360 4182 Id
381 4132 497 4197 quidem
517 4134 632 4198 cogitari
656 4137 757 4199 potest,
778 4151 813 4185 ex
834 4135 916 4186 initio
936 4133 986 4187 tali
1007 4135 1090 4185 inodo
1110 4151 1174 4185 esso
1201 4152 1245 4186 cx·

181 4224 275 4271 ortum
296 4220 372 4271 huno
401 4237 485 4273 usum
514 4222 670 4287 particulae
697 4221 736 4287 ai,
764 4228 825 4274 turn
846 4224 899 4276 hac
919 4224 1055 4290 primaria
1074 4222 1101 4274 ui
1123 4224 1246 4276 subinde

182 4308 303 4374 exoleta,
324 4307 353 4360 ai
372 4326 407 4361 ox
427 4326 483 4375 quo
503 4315 598 4362 ortunr
626 4315 704 4362 esset
729 4328 794 4363 curn
813 4312 1061 4375 obliuiscerentur‚
1081 4311 1105 4363 si
1124 4313 1242 4378 partiou-

181 4397 238 4448 larn
258 4397 389 4450 similiter
408 4399 567 4454 adhibitam
588 4416 669 4460 esse;
697 4401 773 4471 quod
793 4406 889 4456 taurea
910 4402 957 4455 uix
978 4401 1039 4456 ueri
1069 4401 1161 4455 sinrile
1181 4418 1245 4454 esso

182 4486 303 4541 uidetur.
