2924 5176
701 370 762 432 130

198 570 260 613 usu
285 548 375 633 apml
401 549 526 633 priscos·
544 556 658 632 poetas
676 569 774 610 nemo
792 547 854 611 nisi
875 547 1078 617 ltotlreimer,
1096 553 1265 631 <mantum

198 675 273 739 seio.
301 674 448 756 scripsit:
484 673 579 736 mlius
603 672 785 756 disputatio
811 680 845 735 ut
870 673 904 735 in
930 672 1047 736 cuuis
1073 673 1116 735 ita
1140 672 1176 735 in
1200 672 1264 735 hae

199 822 233 864 re
258 799 553 893 neglegentissime
576 806 634 861 aut
657 799 768 882 potius
786 797 878 862 nulla
895 805 944 862 est
959 799 1069 880 (llotlr.
1085 820 1115 881 p.
1132 799 1262 881 8-10).

305 924 408 987 Hunc
444 946 543 986 usum
579 923 814 1008 explicandum
853 944 924 988 esse
952 922 1100 1007 <praciam
1125 922 1263 987 lucullo-

199 1050 337 1133 quentia
361 1070 460 1112 nemo
485 1071 551 1111 non
576 1048 747 1132 intelligit:
774 1070 851 1117 cum
876 1056 987 1112 autem
1013 1048 1182 1111 interdum
1206 1047 1264 1111 du-

200 1175 300 1238 riores
325 1174 595 1237 conlirnmtimres
628 1174 853 1238 imreniantur.
881 1196 982 1257 numu
1009 1181 1046 1236 ut
1069 1173 1265 1256 simpliciter

199 1307 354 1383 recteque
379 1298 526 1383 expediri
555 1299 690 1382 possint.
721 1320 840 1383 operae
865 1299 1011 1383 pretium
1035 1320 1106 1362 esse
1131 1297 1265 1362 uidetur

199 1425 396 1510 perspicere,
422 1424 545 1508 quibus
569 1424 728 1508 gradibus
754 1425 807 1488 liic
832 1446 912 1487 usus
938 1425 983 1487 ita
1000 1445 1193 1508 progressus
1211 1424 1263 1500 sit,

198 1558 235 1613 ut
269 1551 333 1615 m'si
368 1549 410 1613 ad
448 1549 703 1613 similitudinem
738 1548 920 1633 particulae
955 1552 1009 1614 scd
1035 1555 1167 1613 tantum
1193 1569 1261 1611 non

198 1675 396 1759 perueniret.

311 1800 383 1863 Non
421 1799 547 1874 dubito,
580 1800 661 1882 quin
695 1798 899 1883 principium
923 1799 1024 1862 huius
1049 1820 1129 1863 usus
1154 1805 1264 1882 peten-

199 1925 281 1988 dum
317 1925 359 1988 sit
394 1945 434 1988 ex
471 1923 643 1987 tutissimo
679 1924 734 1986 illo
765 1945 886 2007 genere
918 1923 1049 1987 <licendi
1075 1924 1173 2008 qrrale
1197 1930 1262 1986 est:

197 2051 281 2116 nillil
304 2054 365 2114 scio
389 2050 453 2114 nisi
478 2051 532 2113 loc
556 2050 614 2130 (=
631 2049 714 2112 nillil
737 2054 797 2113 scio
823 2053 886 2113 nisi
909 2050 965 2113 lma
988 2052 1066 2131 ecio)
1084 2079 1124 2102 =
1142 2050 1197 2113 laec
1220 2070 1264 2112 so-

199 2177 261 2239 lnm
287 2175 360 2239 scio.
409 2178 485 2249 Qua
508 2174 543 2236 in
568 2174 715 2238 ionnula
732 2196 807 2236 curn
827 2173 991 2257 particula
1007 2178 1070 2238 alsi
1087 2173 1156 2237 sola
1172 2195 1264 2236 usur-

200 2308 306 2383 petur,
344 2299 377 2361 iu
416 2300 453 2361 iis
490 2320 625 2382 quoque
661 2297 971 2363 confirmationibus
1011 2299 1261 2367 sententiarum

201 2445 287 2508 (prae
312 2445 351 2487 ex
376 2423 439 2487 lme
464 2443 527 2486 usu
553 2423 814 2507 proficiscantur.
833 2423 975 2488 candem
993 2423 1188 2507 particulam
1210 2424 1264 2487 do-

200 2548 322 2612 minari
346 2556 610 2612 cousentaneum
634 2556 691 2612 est.

309 2675 348 2737 ln
373 2673 534 2758 exemplis
559 2673 656 2757 longe
681 2673 834 2758 plurimis
858 2695 926 2737 non
951 2673 1067 2738 abillo
1093 2674 1263 2738 decurtato

199 2820 321 2883 genere
352 2797 485 2861 dicendi
509 2799 592 2862 ulkil
615 2803 676 2863 scio
701 2803 764 2861 m'sl
788 2799 843 2862 hoc
867 2797 1027 2881 proditur.
1054 2798 1112 2861 secl
1136 2798 1177 2862 alr
1202 2799 1264 2861 hac

200 2922 345 2987 formula
371 2924 510 3007 repleta:
536 2925 619 2987 nillil
642 2927 703 2987 scio
727 2928 792 2987 m'si
815 2925 871 2987 hor
893 2927 965 2986 scie.
1015 2922 1065 2985 Ad
1087 2945 1187 3006 mmm
1203 2924 1262 2986 lor-

200 3047 325 3111 mulam
352 3055 504 3111 accurate
529 3055 607 3131 apta
633 3048 713 3109 lraec
738 3047 892 3131 exempla
916 3055 995 3111 sunt
1018 3050 1086 3128 (o):

200 3171 304 3235 Andr.
331 3175 405 3234 ate
1034 3173 1156 3255 Nescio,

448 3296 523 3360 Nisi
558 3296 636 3360 nulii
671 3297 742 3360 (laos
776 3302 853 3360 sotis
879 3301 940 3360 seio
958 3298 1064 3380 ¹sulae
1088 3302 1187 3361 iratos·
1210 3319 1264 3377 pur

495 3421 749 3485 alisralloucrinr.

497 3545 583 3629 [solis
606 3549 669 3608 scio
694 3566 758 3608 om.
787 3545 966 3631 Bentleiusl

200 3671 334 3736 Phorm.
361 3672 433 3734 952.
1032 3672 1155 3753 Nescio,

470 3795 546 3860 Nisi
569 3819 615 3861 aar
639 3795 757 3861 dimisse
779 3799 897 3861 neaniai
921 3801 1000 3861 certo
1024 3801 1095 3861 seio,

201 3923 248 3986 el,
275 3921 375 3986 Baclr.
403 3922 476 3999 324.
525 3923 669 4006 Profecto
694 3924 731 3986 cla
755 3943 833 3987 atrro
857 3921 940 3986 alm
962 3920 1026 3986 selo
1049 3921 1114 3986 aaa
1137 3921 1247 3986 larsem

306 4047 395 4111 Tum
431 4046 466 4111 in
501 4046 565 4111 hoe
597 4047 760 4132 exemplo.
786 4046 843 4110 ubi
869 4045 1024 4130 apodosis
1049 4047 1187 4131 propius
1212 4046 1263 4110 ‹le-

200 4171 316 4236 finitur
339 4173 505 4237 sententia
529 4172 781 4255 interrogatum:
