2924 5176
717 687 755 748 tu

311 866 361 929 De
385 865 574 949 imperfecti
599 871 631 929 et
654 865 975 948 piusquarnperiecti
1000 887 1064 928 usu
1088 862 1198 928 irreali
1216 886 1268 928 ex-

203 991 360 1074 quisitius
392 989 578 1074 disputauit
601 989 698 1053 Blase
723 990 783 1072 (lte
806 988 985 1053 modorum
1010 978 1268 1072 temporunnpre

203 1121 263 1179 cet.
301 1136 375 1198 pag.
405 1116 565 1197 isacii).
614 1115 692 1198 Pag.
722 1116 759 1177 11
785 1112 818 1176 id
845 1112 936 1197 quod
959 1112 1195 1195 inuestigando
1220 1133 1264 1176 as-

203 1246 336 1304 secutus
364 1245 422 1305 est.
448 1239 494 1302 ita
517 1239 715 1302 summatim
738 1238 889 1321 exponit:
919 1237 1051 1321 «itaque
1076 1258 1154 1300 cum
1170 1236 1211 1302 de
1226 1240 1268 1302 74
1363 1275 1364 1278 κ
1440 1260 1445 1269 ·

203 1363 385 1447 enuntiatis
409 1363 443 1426 in
469 1364 511 1426 25>
534 1363 643 1426 inesse
667 1364 904 1446 imperfectum
928 1362 1171 1445 significatione
1187 1369 1266 1426 tem·

202 1489 292 1573 poris
316 1487 484 1572 praeteriti
511 1487 699 1572 praeditum
724 1488 948 1554 statuerimus.
975 1487 1010 1550 in
1030 1494 1165 1550 centum
1183 1488 1266 1552 eius-

202 1612 292 1676 modi
319 1612 490 1696 exemplis
517 1613 544 1676 si
570 1611 669 1676 inodo
694 1611 882 1696 legerentur
906 1611 997 1696 apud
1013 1612 1181 1681 Plautum,
1196 1612 1267 1676 fere

203 1738 312 1802 tricies
335 1736 437 1802 semel
467 1759 528 1800 nos
552 1736 694 1801 lecturos
716 1757 787 1800 esse
803 1736 1059 1800 coniunctiuum
1075 1737 1263 1821 imperfecti

202 1861 244 1926 ad
274 1862 491 1946 praeteritum
522 1867 656 1945 tempus
680 1868 918 1946 spectantem».
967 1861 1041 1925 Hoc
1065 1860 1106 1925 de
1132 1861 1264 1924 Plauto!

202 1986 252 2050 De
283 1986 429 2051 Terentii
454 2007 607 2051 sermone
632 1985 709 2050 alibi
732 1985 766 2070 ¹):
808 1985 1008 2069 «Vericlgen
1035 1987 1093 2050 nir
1117 2007 1188 2049 nun
1213 1985 1266 2050 die

202 2111 440 2194 Verwendung
464 2112 522 2176 des
547 2112 761 2195 prtttcritaten
786 2111 870 2175 coni.
898 2111 993 2195 impf.
1019 2112 1054 2174 in
1080 2110 1266 2194 hypotheti-

200 2236 303 2299 schen
335 2237 453 2300 Satzen
479 2238 600 2313 neiter,
627 2258 663 2299 so
688 2237 776 2300 steht
799 2235 925 2299 Terent
950 2236 985 2299 in
1018 2235 1126 2299 dieser
1157 2234 1265 2298 Beric-

200 2359 295 2440 hrmg
318 2361 483 2425 mrischen
505 2361 643 2424 Plautus
662 2359 730 2423 und
749 2360 873 2434 Cicero,
892 2360 952 2424 nie
968 2359 1125 2443 folgende
1143 2359 1173 2422 U
1177 2359 1264 2422 eber·

200 2485 284 2549 sicht
319 2485 434 2568 ceigt».
484 2485 633 2568 (Plautus
658 2487 696 2547 31
728 2487 777 2563 01'0,
803 2484 979 2548 Terentius
1004 2485 1044 2547 21
1074 2485 1122 2562 ⁰l0,
1149 2482 1263 2547 Cicero

307 2735 419 2809 Quam
454 2755 630 2818 perperam
668 2734 762 2798 Blasc
786 2734 848 2797 hac
873 2733 1125 2797 ratiocinatione
1150 2733 1261 2816 egerit,

199 2858 356 2923 omnibus
391 2860 426 2922 in
462 2867 619 2943 promptu
657 2866 719 2935 est;
758 2880 835 2921 nam
882 2857 1005 2940 quibus
1048 2857 1146 2921 rebus
1182 2857 1263 2920 moti

199 2983 337 3047 Plautus
372 2984 549 3048 Terentius
581 2984 695 3047 Cicero
720 2984 802 3047 haec
827 2990 885 3046 aut
911 2981 965 3045 illa
988 2988 1140 3066 tempora
1164 2997 1263 3066 poue-

199 3116 280 3171 rent.
314 3109 396 3171 nihil
422 3109 560 3172 curauit.
609 3109 698 3171 Tum
723 3131 782 3192 prc
807 3107 911 3170 nihilo
937 3106 1062 3170 habuit.
1089 3112 1201 3170 utrum
1228 3108 1262 3170 in

198 3233 323 3315 protasi
347 3255 390 3296 an
416 3233 451 3295 in
474 3233 613 3316 apotiosi
638 3233 886 3297 adhiberentur.
1058 3207 1060 3211 ,

304 3358 379 3420 Mea
403 3357 541 3440 <pridem
573 3359 739 3421 sententia
763 3379 822 3441 pro
847 3365 936 3421 certo
961 3356 1178 3420 statuendum
1203 3365 1260 3431 est,

198 3503 217 3543 a
252 3488 401 3565 tempore
436 3482 591 3565 apotlosis
625 3503 757 3564 semper
782 3482 925 3565 perulere
950 3481 1092 3566 protasis
1117 3488 1259 3564 teinpus

198 3605 238 3668 Si
271 3607 459 3689 protasis
488 3605 678 3670 eiusdem
704 3606 911 3690 temporis
936 3613 997 3669 est
1021 3613 1142 3688 atque
1167 3627 1261 3688 apc-

198 3730 327 3807 dosis‚
352 3731 652 3815 imperfectum
677 3737 921 3814 usurpatur.
948 3732 982 3793 si
1007 3730 1261 3794 anteceden-

197 3855 252 3919 tis
276 3856 484 3940 temporis
509 3864 584 3920 est.
611 3856 1100 3940 plusquampert'ectum.
1128 3855 1147 3917 i.
1174 3876 1200 3919 e.
1226 3854 1261 3917 in

197 3979 388 4044 huiusmodi
415 3981 596 4044 enuntiatis
614 3979 900 4045 condicionalilius
917 3978 1161 4044 consecutionis
1180 3986 1261 4042 tem-

197 4126 317 4189 porum
352 4106 441 4190 leges
475 4106 597 4170 ualent.
647 4110 742 4182 Quae
771 4105 887 4187 regula
917 4103 1074 4168 omnibus
1099 4103 1260 4187 plautiuis

197 4230 368 4315 exemplis.
394 4251 539 4313 qnorum
564 4231 598 4293 in
623 4232 745 4314 protasi
771 4230 892 4314 legitur
915 4229 1162 4313 imperfectum.
1186 4249 1259 4292 con-

197 4356 356 4417 tinuatur.
405 4355 455 4418 ita
479 4376 528 4419 ex.
555 4375 580 4418 c.
609 4354 729 4418 Pseud.
758 4357 843 4418 1014

306 4514 324 4581 ¹)
343 4475 516 4569 Geschichte
535 4517 586 4569 des
605 4514 728 4582 Irreatis,
749 4532 811 4584 pag.
832 4516 856 4568 5.
