2924 5176
797 375 839 436 aa

289 552 424 636 plorum
449 551 535 617 silua
558 559 768 637 repugnaret,
795 551 925 636 reliqua
948 557 1062 616 antem
1086 551 1153 615 duo
1169 551 1271 615 Persa
1287 552 1348 615 82‘l

289 683 322 740 ot
356 677 424 741 Mil.
459 677 524 740 450
559 676 699 741 minime
735 675 876 741 eandem
912 675 1038 740 habent
1072 675 1351 760 significationem

289 801 599 886 explicationemue.
647 800 754 887 (Conf.
780 821 854 886 pag.
883 801 943 886 16).

396 925 465 990 Neo
500 927 621 990 melius
656 926 686 990 ei
720 947 772 990 res
807 925 973 996 suecessit,
1006 945 1083 990 oum
1108 945 1244 1010 prorsus
1267 925 1350 989 falsa

292 1051 407 1135 regula
425 1051 456 1137 ¹),
492 1051 587 1115 euius
623 1071 684 1115 neo
715 1051 798 1114 ratio
832 1071 893 1115 neo
917 1050 1041 1114 ueritas
1065 1050 1134 1114 ulla
1157 1056 1215 1117 est.
1240 1049 1352 1114 Plauti

288 1154 390 1240 nsum
425 1176 624 1260 restringere
659 1180 851 1240 conaretur:
892 1174 1122 1258 «Aliquotiens
1157 1176 1351 1240 enimcum

290 1299 428 1385 apodosi
464 1299 551 1364 duae
585 1304 735 1384 proiases
769 1299 817 1363 iia
851 1299 1048 1364 coniunctae
1073 1307 1160 1366 sunl.
1186 1307 1224 1364 ul
1247 1298 1352 1364 altera

290 1425 385 1489 alteri
420 1425 568 1508 quodam
593 1424 693 1488 modo
717 1423 867 1490 subiecta
890 1423 941 1488 sii.
990 1423 1089 1500 Quod
1114 1425 1141 1488 si
1166 1424 1287 1490 euenit.
1313 1424 1348 1488 in

289 1549 428 1634 apodosi
452 1549 520 1613 ind.
547 1549 651 1613 inimi
683 1548 812 1633 legitur.
843 1549 877 1612 in
903 1549 1026 1632 protasi
1050 1549 1160 1632 priore
1185 1550 1255 1613 loeo
1280 1549 1348 1612 ind.

288 1674 404 1757 futuri,
429 1674 522 1738 alteri
554 1674 625 1738 loeo
656 1672 724 1736 ind.
758 1673 975 1758 praesentis».
1023 1673 1074 1736 Ex
1099 1695 1157 1738 sex
1181 1673 1284 1738 Blasii
1308 1673 1351 1737 ad

288 1798 379 1862 illam
417 1820 488 1862 rem
512 1797 809 1862 demonstrandam
842 1798 950 1861 allatis
974 1798 1136 1882 exemplis
1161 1798 1259 1862 Mero.
1285 1799 1350 1862 458

288 1922 330 1987 ad
355 1944 423 1987 rem
450 1943 518 1986 non
541 1922 700 2007 periinei:

294 2048 403 2129 Quid?
437 2048 488 2112 iiii
523 2048 682 2130 quoidam,
718 2048 774 2130 qai
800 2048 969 2112 mandauit
992 2048 1059 2129 libi,
1084 2049 1113 2112 si
1136 2054 1261 2130 emetur,
1287 2055 1352 2112 iam

447 2174 547 2254 aolei;

290 2298 327 2363 Si
351 2320 403 2381 eoo
428 2319 493 2362 erio
516 2297 577 2380 iiii,
602 2299 657 2379 qai
680 2298 857 2379 mandauit,
880 2304 944 2362 tam
958 2297 1013 2362 iile
1028 2298 1136 2362 nolet?
1159 2296 1255 2360 Nlai'i
1271 2297 1349 2379 ania

289 2421 356 2485 Mil.
382 2422 456 2486 480.
505 2423 593 2486 Eros
624 2423 654 2486 si
684 2422 796 2502 ueniet,
827 2422 856 2485 si
884 2443 932 2485 me
955 2423 1088 2503 qaaerit,
1113 2421 1165 2485 lile
1187 2443 1256 2486 ero:
1279 2422 1353 2486 liiiio

546 2568 593 2610 ore
617 2546 772 2611 arcessito.

289 2670 393 2735 codex
417 2671 447 2734 A
471 2669 612 2734 testibus
635 2669 766 2733 Loewio
792 2675 824 2734 ei
847 2669 1082 2734 Studemundo
1099 2677 1226 2752 quaeret
1241 2669 1350 2735 habel.

289 2802 322 2859 ei
345 2795 392 2860 sio
417 2795 622 2878 seripserunt
646 2795 734 2864 Brixi
760 2794 897 2861 Lorenz,
924 2794 1036 2858 (loeta.

289 2919 382 3003 Capi.
409 2921 482 2983 683.
533 2921 570 3009 Si
593 2942 646 3002 eqo
670 2919 722 2984 iio
738 2920 860 3001 peribo,
885 2919 914 2984 si
937 2919 998 3001 ille,
1023 2920 1165 3002 aldiail,
1182 2921 1341 2986 amiralii

535 3046 580 3110 At
603 3045 663 3110 orii
685 3045 741 3108 rai*
757 3045 813 3109 lioo
846 3045 967 3125 faciam
1000 3051 1121 3109 morino
1144 3045 1350 3110 memorabile.

534 3171 563 3234 si
586 3169 727 3234 alierum
754 3175 803 3234 est
827 3170 1018 3233 coniectura
1042 3167 1145 3233 dubia
1169 3168 1274 3233 Brixii
1290 3190 1351 3253 pro

535 3300 585 3358 ael
607 3293 761 3359 oodiomn
785 3293 945 3371 lectione3
966 3293 1072 3358 —De
1096 3293 1261 3357 Pseudolo
1289 3296 1351 3358 143

289 3421 385 3484 Naar
417 3421 493 3483 adeo
527 3420 609 3483 liano
643 3419 889 3487 edictionem...
925 3418 991 3482 iam
1029 3439 1131 3503 supra
1161 3418 1350 3503 dispuiaui;

288 3544 416 3607 Lorenz
451 3543 494 3606 ad
521 3543 612 3606 huno
647 3564 785 3607 uersum
821 3543 997 3643 aduolauit
1027 3544 1124 3608 metri
1157 3543 1352 3607 necessitato

290 3676 441 3732 eoactum
468 3676 600 3751 poetam
626 3669 777 3733 amouelis
799 3669 944 3731 formam
970 3668 1004 3730 in
1029 3689 1165 3732 norsum
1195 3667 1352 3731 arcessiu-

289 3792 363 3856 isse.
411 3791 520 3855 Immo
542 3790 738 3855 crediderim
768 3792 808 3855 de
827 3793 938 3856 forma
954 3792 1061 3856 futuri
1078 3793 1249 3857 aduorteiis
1264 3791 1352 3856 hano

293 3918 409 3981 «metri
425 3911 683 3980 necessilatem»
711 3917 831 3986 ualere,
858 3917 922 3980 nisi
947 3916 1059 4001 potius
1082 3922 1190 3981 ioium
1214 3937 1350 3991 uersum

291 4044 353 4105 143
377 4064 437 4126 pro
461 4042 575 4126 spurio
599 4040 753 4104 habeam.

399 4184 417 4249 ¹)
436 4185 452 4237 l.
474 4185 491 4235 l.
513 4201 574 4253 pag.
596 4186 636 4236 18.
