2924 5176
697 686 738 747 83

187 865 254 928 llil.
283 867 376 928 trau.
426 866 538 947 Mapis
561 865 598 929 id
620 865 717 948 dicae,
742 865 770 928 st
793 866 876 928 seins
900 865 982 944 quod
1004 887 1056 946 eye
1080 887 1150 930 selo.

183 989 274 1052 'Prin
301 992 375 1053 538.
424 991 535 1071 Mayt's
558 1010 659 1072 apuys>
676 990 774 1071 dicus,
790 990 819 1053 si
836 989 942 1052 cilinia
958 1011 995 1052 cr
1012 1011 1057 1052 me
1074 989 1248 1056 audaciis.

187 1114 269 1177 Eun.
296 1116 368 1176 aaa.
418 1116 517 1177 [inmo
541 1114 570 1178 sa'
592 1114 676 1178 scios
699 1115 781 1194 {Junci
804 1115 919 1177 donum
942 1113 1016 1177 hnic
1040 1114 1119 1176 dono
1140 1119 1250 1180 contro

460 1245 616 1319 conparet,

391 1386 392 1389 ¹
422 1363 534 1445 Mayis
558 1362 594 1426 nl
617 1362 713 1427 (iiras.

473 1479 594 1570 ‘illinire
619 1487 706 1550 entia
725 1487 754 1549 si
777 1485 945 1570 lauhun]

513 1860 535 1944 ξ
561 1862 609 1923 lu.
658 1861 726 1926 Uis
752 1860 922 1926 causalis

376 2012 596 2077 sententiae
621 2012 881 2077 condicionali
906 2013 1052 2078 subest.

290 2233 361 2297 lam
385 2234 407 2318 ξ
427 2238 446 2295 u
464 2235 565 2298 liuius
582 2233 683 2297 libelli
701 2233 857 2312 diximus,
876 2255 1036 2319 persaepe
1053 2239 1129 2318 post
1144 2232 1248 2295 uerba

184 2359 368 2421 {affectuum
393 2358 591 2442 particulam
616 2359 645 2421 si
669 2358 715 2421 ita
739 2358 903 2442 usmpari,
930 2365 968 2422 ut
984 2357 1157 2441 quamiam
1174 2378 1247 2420 cau

183 2483 287 2546 salem
323 2481 394 2545 uim
429 2482 465 2545 in
500 2503 539 2546 ea
566 2481 674 2546 inesse
709 2489 900 2566 appareret;
927 2503 1036 2565 neque
1061 2481 1135 2545 ideo
1160 2486 1247 2545 recte

183 2607 337 2670 statuisse
373 2607 464 2670 uiros
489 2605 602 2670 doctos
627 2605 750 2670 talibus
774 2606 808 2670 in
833 2605 1016 2671 enuntiatis
1034 2614 1176 2690 *prorsus
1201 2605 1248 2669 in·

183 2738 251 2794 star
286 2730 469 2814 particulae
501 2729 643 2794 causalis
674 2738 872 2814 usurpatam
896 2751 967 2795 esse
991 2730 1081 2805 illam
1106 2730 1247 2814 particu-

181 2854 263 2934 lam3
300 2876 401 2938 quam
439 2875 571 2938 semper
606 2854 883 2937 significationem
916 2854 1179 2918 condicionalem
1205 2876 1245 2917 ex

183 2986 275 3062 parte
301 2979 438 3062 quidem
463 2978 649 3043 retinuisse.

287 3102 436 3166 Plurima
472 3103 647 3167 enuntiata
678 3101 930 3170 cumlicionalia,
957 3103 1080 3186 quibus
1104 3101 1247 3166 causalis

185 3226 407 3290 uissubiecta
431 3233 489 3301 est,
515 3225 586 3290 siue
610 3225 714 3291 uerba
734 3227 920 3290 affectuum
944 3226 1151 3310 praecedunt
1175 3224 1247 3289 siue

182 3348 246 3412 alia
270 3348 383 3425 uerba,
409 3350 600 3414 narratione
627 3351 681 3414 uel
705 3349 817 3414 uerbis
841 3349 976 3414 alterius
1007 3371 1170 3434 personae
1200 3349 1246 3413 ni-

181 3480 307 3542 tuntur,
341 3480 378 3536 ut
402 3474 568 3538 sententia
598 3473 850 3558 interpretanda
881 3475 937 3538 sit:
975 3474 1008 3538 si
1033 3474 1071 3537 id
1096 3495 1246 3538 uerum

181 3605 244 3662 est
279 3598 389 3682 quod
435 3597 544 3662 licis.
605 3598 649 3661 At
680 3606 820 3682 apparet
854 3598 955 3663 talem
986 3598 1186 3662 sententiam
1211 3619 1246 3662 re

181 3745 262 3787 uera
282 3722 546 3787 condicionalem
571 3743 651 3798 esse,
676 3721 754 3786 licet
778 3723 818 3786 de
843 3723 951 3792 rebus,
977 3744 1061 3807 quas
1086 3729 1245 3807 spectato·

181 3869 232 3912 res
270 3848 378 3913 sciant
411 3849 515 3912 lactas
552 3868 632 3926 csse,
669 3853 755 3931 agat.
811 3846 855 3910 Et
882 3847 1077 3931 saepissime
1101 3847 1244 3932 protasis

124 4000 128 4010 ¹
182 3980 310 4057 spectat
343 3971 385 4036 ad
421 3973 495 4056 ipsa
530 3971 633 4035 uerba
657 3971 802 4036 alterius.
829 3992 915 4055 quae
940 3971 1133 4056 nuperrime
1158 3971 1246 4035 dicta

182 4104 274 4161 simt:
312 4097 467 4181 inprimis
504 4095 608 4159 uerba
643 4095 835 4172 uoluntatis,
868 4095 1015 4161 iubendi.
1042 4094 1243 4172 declarandi,

181 4221 347 4285 sentiendi
371 4221 406 4284 in
430 4219 555 4305 protasi
580 4220 753 4304 leguntur:
817 4234 818 4238 ’
876 4224 878 4229 ⁴

181 4344 304 4429 Amph.
332 4348 404 4409 aar
455 4346 540 4410 Atia
563 4345 637 4409 ltine
661 4367 681 4409 a
704 4368 761 4427 me,
786 4344 901 4427 ‹lipia-us
916 4346 1048 4410 donnae
1064 4345 1244 4410 serratos?—

491 4472 586 4547 Aba,
611 4470 640 4534 si
664 4471 758 4534 iubes,
